34200.40192,1,16208720,50,2239900,-1
34200.56824,1,16240373,100,2240000,-1
34200.57071,1,16240856,100,2240000,-1
34200.5744,1,16241642,100,2240000,-1
34200.63135,1,16252480,100,2239500,-1
34200.77191,1,16275687,75,2239500,-1
34200.87379,1,16289323,100,2238400,1
34200.88178,1,16290483,100,2238400,1
34201.29095,1,16352638,100,2238600,-1
34202.27905,1,16451737,100,2238900,1
34203.87899,1,16610191,100,2242000,-1
34204.35493,1,16657800,100,2241600,-1
34204.4767,1,16667397,100,2241300,-1
34204.65231,1,16681306,1100,2241000,-1
34204.76392,1,16692138,100,2241000,-1
34205.10426,1,16723342,100,2240800,-1
34205.10482,1,16723399,220,2240800,-1
34205.1071,1,16723613,220,2240800,-1
34205.1094,1,16723877,220,2240800,-1
34205.10975,1,16723916,155,2240800,-1
34205.1621,1,16728917,100,2240700,-1
34205.19778,1,16732821,100,2238900,1
34205.51395,1,16763343,100,2240500,-1
34205.88822,1,16797917,100,2240300,-1
34205.91945,1,16799433,100,2240200,-1
34206.15154,1,16811014,100,2240200,-1
34206.55539,1,16830499,100,2238900,1
34207.27207,1,16866136,87,2239000,1
34207.31216,1,16867608,87,2239100,1
34207.40968,1,16873976,87,2239200,1
34207.71831,1,16887475,29,2240700,-1
34208.99603,1,16929385,77,2239200,1
34209.33946,1,16943725,100,2239200,1
34209.70973,1,16954459,29,2240600,-1
34209.76668,1,16956634,29,2240700,-1
34209.78733,1,16958151,29,2240500,-1
34210.20649,1,16984035,100,2239200,1
34210.51521,1,17004982,29,2240400,-1
34210.70647,1,17017091,29,2240300,-1
34210.91042,1,17030256,29,2240400,-1
34211.61861,1,17063006,400,2240700,-1
34212.16169,1,17084297,100,2239300,1
34212.37438,1,17094470,100,2240900,1
34212.37604,1,17094575,100,2240900,1
34212.37613,1,17094576,100,2241300,1
34212.48796,1,17097634,100,2240900,1
34212.53005,1,17099230,87,2240900,1
34212.67796,1,17103292,87,2239300,1
34213.1868,1,17118179,100,2240900,1
34213.22785,1,17119109,87,2240900,1
34213.32426,1,17121862,100,2240900,1
34215.15212,1,17169116,100,2240900,1
34215.18045,1,17170140,100,2240900,1
34219.5171,1,17329820,100,2242900,-1
34220.23316,1,17358208,77,2240900,1
34220.53411,1,17365824,1,2243000,-1
34223.36771,1,17454308,100,2244500,-1
34226.01871,1,17523948,100,2244500,-1
34226.0254,1,17524292,100,2240900,1
34227.23865,1,17556978,100,2244500,-1
34228.61104,1,17654389,100,2244500,-1
34228.61314,1,17654460,100,2240900,1
34229.06498,1,17669020,100,2240900,1
34229.34364,1,17678897,77,2241000,1
34229.34512,1,17678938,100,2241000,1
34229.35625,1,17679258,100,2241000,1
34229.85305,1,17693590,87,2241000,1
34229.93141,1,17695622,100,2241100,1
34229.93295,1,17695670,100,2241100,1
34230.01376,1,17700167,87,2241100,1
34230.47807,1,17720413,100,2241100,1
34232.52181,1,17791392,100,2241500,1
34232.57369,1,17794177,100,2242900,1
34232.67215,1,17796697,100,2241500,1
34232.93573,1,17802947,87,2241500,1
34233.07568,1,17808169,100,2241800,1
34233.22183,1,17813325,87,2241800,1
34233.25663,1,17814130,87,2241700,1
34233.40822,1,17822817,87,2241500,1
34233.41783,1,17823745,100,2241800,1
34233.43259,1,17824285,100,2241800,1
34233.61914,1,17831626,100,2242100,1
34233.62973,1,17832110,100,2242100,1
34233.76491,1,17835914,100,2242400,1
34233.76978,1,17836088,100,2242400,1
34234.16404,1,17851126,100,2241500,1
34234.38448,1,17866270,300,2244200,-1
34234.38713,1,17866342,100,2244200,-1
34235.01239,1,17889188,100,2241500,1
34237.49234,1,17963067,100,2242500,1
34237.6355,1,17967562,67,2242500,1
34240.01109,1,18040154,100,2242500,1
34240.01169,1,18040192,100,2244200,-1
34240.02316,1,18040889,100,2242500,1
34240.02683,1,18041087,100,2242500,1
34240.34484,1,18049859,77,2242500,1
34241.69996,1,18082568,100,2242500,1
34242.01648,1,18089311,100,2242500,1
34244.43116,1,18148394,31,2242500,1
34245.25642,1,18172812,16,2241300,1
34245.51219,1,18178733,200,2241900,-1
34245.51331,1,18178856,200,2241900,1
34245.51333,1,18178858,200,2241900,1
34245.51334,1,18178865,200,2241900,1
34245.51506,1,18179205,100,2244500,-1
34246.03358,1,18193981,200,2244200,-1
34246.03614,1,18194101,100,2244200,-1
34250.01712,1,18286174,10,2239400,1
34250.01816,1,18286315,10,2239100,1
34250.01897,1,18286630,10,2239500,1
34250.02145,1,18287021,10,2239000,1
34250.02274,1,18287108,10,2240000,1
34250.0259,1,18287319,10,2239000,1
34250.0283,1,18287475,10,2239100,1
34250.0396,1,18288158,10,2239200,1
34250.04317,1,18288309,10,2239000,1
34250.04518,1,18288361,10,2239100,1
34250.06191,1,18289006,10,2239200,1
34250.0652,1,18289230,10,2239000,1
34250.06732,1,18289323,10,2239100,1
34250.11827,1,18290737,10,2239200,1
34250.12219,1,18290793,10,2239000,1
34250.12518,1,18290838,10,2239100,1
34250.1414,1,18291165,10,2239200,1
34250.14513,1,18291275,10,2239000,1
34250.14729,1,18291334,10,2239100,1
34250.16216,1,18291715,10,2239200,1
34250.16644,1,18291916,10,2239000,1
34250.16872,1,18291991,10,2239100,1
34250.19274,1,18292501,10,2239200,1
34250.19645,1,18292582,10,2239000,1
34250.19894,1,18292645,10,2239100,1
34250.51564,1,18298729,10,2239200,1
34250.51942,1,18298826,10,2239000,1
34250.52202,1,18298903,10,2239100,1
34251.91823,1,18333357,10,2239200,1
34251.922,1,18333652,10,2239000,1
34251.92443,1,18333775,10,2239100,1
34252.02887,1,18340262,10,2239200,1
34252.03304,1,18341360,10,2239000,1
34252.03627,1,18342535,10,2239100,1
34252.04752,1,18344659,10,2239200,1
34252.05127,1,18344995,10,2239000,1
34252.0533,1,18345223,10,2239100,1
34252.17082,1,18352030,1,2244100,-1
34256.19816,1,18430161,200,2243500,-1
34256.20089,1,18430228,100,2243500,-1
34262.07596,1,18622989,100,2243000,-1
34262.07874,1,18623148,100,2243000,-1
34269.58368,1,18813442,183,2241900,-1
34269.58774,1,18813484,100,2241900,-1
34269.86396,1,18819065,8,2241300,-1
34271.76867,1,18877451,1,2238700,1
34273.77796,1,18930320,100,2239800,1
34275.37346,1,18966278,100,2240200,1
34275.40993,1,18966862,1,2241300,-1
34276.75711,1,18992920,1,2240200,-1
34288.73353,1,19300526,100,2238400,1
34289.50116,1,19314473,100,2240500,-1
34289.50444,1,19314520,100,2240500,-1
34303.44961,1,19620235,1,2240000,-1
34303.77466,1,19626727,100,2238200,1
34303.77477,1,19626737,100,2238100,1
34303.88631,1,19628332,10,2240000,-1
34303.88642,1,19628333,100,2238000,1
34304.25973,1,19653110,1,2240000,-1
34307.76243,1,19731576,10,2239000,-1
34307.80587,1,19732295,10,2240000,-1
34307.87946,1,19733385,1,2239500,-1
34307.90094,1,19733687,10,2239000,-1
34307.97505,1,19736143,10,2239000,-1
34309.16832,1,19774189,10,2239500,-1
34309.17233,1,19774450,10,2239500,-1
34309.72974,1,19791130,100,2236600,1
34309.81453,1,19793043,10,2239400,-1
34309.82066,1,19793184,10,2239300,-1
34309.82678,1,19793341,10,2239200,-1
34309.87456,1,19794320,10,2239100,-1
34309.93514,1,19795607,10,2238900,-1
34310.04997,1,19808492,100,2237700,1
34310.25056,1,19818565,10,2238200,-1
34310.31935,1,19822943,1,2236000,-1
34310.32045,1,19823062,1,2238100,-1
34311.24872,1,19846261,100,2237300,1
34312.99774,1,19879921,1,2236700,-1
34318.69391,1,19985448,99,2237000,-1
34318.95537,1,19990731,94,2235000,1
34326.28542,1,20164379,100,2238900,-1
34329.73382,1,20254663,100,2236100,1
34331.47324,1,20298432,100,2239200,1
34331.64129,1,20301070,100,2239900,1
34334.31294,1,20343976,200,2241700,1
34334.31308,1,20343986,100,2241700,1
34334.31322,1,20344002,100,2241700,1
34334.31331,1,20344005,100,2241700,1
34334.33779,1,20344274,1,2242800,-1
34334.65089,1,20350495,100,2242800,1
34334.65099,1,20350503,100,2240600,1
34334.77609,1,20353511,100,2240300,1
34334.84225,1,20355014,50,2242500,-1
34334.84237,1,20355018,100,2239700,1
34336.98906,1,20410319,100,2239400,1
34338.56864,1,20436930,51,2241900,1
34338.56879,1,20436945,100,2241800,1
34338.57998,1,20437784,200,2236200,1
34338.60026,1,20439224,2,2242000,-1
34338.71882,1,20443473,100,2236200,1
34339.18248,1,20455022,100,2236600,1
34339.30289,1,20457452,200,2235300,1
34339.64344,1,20465048,200,2235300,1
34345.301,1,20583033,100,2240500,1
34346.44011,1,20618589,100,2239300,1
34346.44042,1,20618667,100,2239000,1
34347.56596,1,20652047,200,2242000,-1
34347.56611,1,20652049,100,2237900,1
34348.423,1,20674653,1,2241900,-1
34348.42463,1,20675051,2,2241900,-1
34348.83589,1,20687888,100,2238200,1
34349.29473,1,20725771,100,2241900,-1
34350.07282,1,20753785,2,2241400,-1
34350.07294,1,20753796,2,2241300,-1
34351.12651,1,20779824,200,2241300,-1
34352.74509,1,20812077,200,2240000,-1
34352.74523,1,20812082,2,2239900,-1
34357.31806,1,20897618,100,2238300,1
34357.92341,1,20905547,100,2239400,-1
34357.92353,1,20905551,2,2239300,-1
34357.94236,1,20905801,2,2238400,-1
34357.94248,1,20905802,2,2238300,-1
34367.52111,1,21116099,1,2238600,-1
34367.52287,1,21116125,1,2238600,-1
34369.7575,1,21158422,100,2238600,-1
34372.18422,1,21200354,200,2238600,-1
34377.54767,1,21283697,200,2238300,-1
34377.56809,1,21283999,1,2237600,-1
34377.56972,1,21284027,1,2237600,-1
34378.42621,1,21294878,100,2238200,-1
34378.43741,1,21294996,100,2238200,-1
34380.68937,1,21342263,100,2237900,-1
34380.70583,1,21343808,1,2237900,-1
34389.15891,1,21508773,1,2237700,-1
34391.71739,1,21559847,100,2237700,-1
34393.08352,1,21587203,100,2237700,-1
34394.94367,1,21616444,100,2237500,-1
34394.96178,1,21616642,1,2237500,-1
34395.84695,1,21636092,100,2237700,-1
34395.84743,1,21636299,100,2237700,-1
34395.84791,1,21636573,100,2237700,-1
34395.84921,1,21637454,100,2237700,-1
34395.85155,1,21638597,200,2239500,-1
34395.85172,1,21638670,100,2237700,-1
34395.87392,1,21644399,100,2237700,-1
34395.93888,1,21650189,67,2237700,-1
34396.02355,1,21655826,200,2239700,-1
34396.03601,1,21656537,200,2239900,-1
34396.78674,1,21674864,7,2236000,1
34397.20442,1,21683768,500,2236000,1
34400.0454,1,21748178,400,2239900,-1
34402.15157,1,21798025,200,2239900,-1
34402.77946,1,21806628,1,2238800,-1
34406.54362,1,21866410,100,2236500,1
34406.54364,1,21866411,100,2239600,-1
34406.5441,1,21866417,400,2239600,-1
34407.02534,1,21873101,200,2239600,-1
34412.01153,1,21942984,100,2237600,1
34414.71833,1,21980296,43,2238900,-1
34419.52456,1,22051475,100,2239700,-1
34419.52592,1,22051487,100,2239900,-1
34420.71892,1,22091806,43,2238600,-1
34427.75801,1,22186452,100,2240000,-1
34427.79575,1,22186797,1,2239600,-1
34429.9237,1,22209500,2,2238600,-1
34431.28033,1,22225266,200,2236500,1
34433.00752,1,22255951,100,2240000,1
34434.21553,1,22274843,100,2237300,1
34435.9069,1,22295829,100,2240000,1
34439.62672,1,22338263,1,2242000,-1
34444.05632,1,22426277,100,2242000,1
34445.74798,1,22450352,100,2242000,1
34445.98519,1,22453396,100,2242000,1
34449.85684,1,22517179,200,2244500,-1
34449.86112,1,22517293,125,2244500,-1
34450.0284,1,22519873,100,2244900,1
34450.22703,1,22522589,100,2244900,1
34450.45009,1,22524875,100,2244900,1
34450.71831,1,22527537,5,2246900,-1
34451.22413,1,22532942,100,2244900,1
34451.3338,1,22534491,100,2244400,1
34451.34393,1,22534667,100,2244900,1
34451.34401,1,22534671,100,2245800,1
34454.74016,1,22582524,100,2246800,-1
34455.42208,1,22591862,100,2244600,1
34457.07773,1,22611872,200,2246800,-1
34460.28517,1,22671751,300,2246400,-1
34460.31492,1,22672038,1,2245900,-1
34463.6891,1,22709259,200,2246400,-1
34464.9653,1,22727904,200,2246900,-1
34468.01069,1,22771332,300,2246900,-1
34468.5817,1,22777513,1,2246900,-1
34469.12808,1,22783957,1,2246500,-1
34469.36073,1,22786334,100,2245700,1
34472.90786,1,22832361,100,2247500,1
34472.9099,1,22832389,77,2247900,-1
34473.57315,1,22839312,300,2247500,-1
34473.57333,1,22839315,77,2247500,-1
34477.42782,1,22891526,200,2247500,-1
34478.024,1,22897386,100,2246000,1
34478.2099,1,22899417,100,2247300,-1
34478.21004,1,22899420,100,2245900,1
34478.21012,1,22899424,77,2247300,-1
34482.38592,1,22955746,200,2242000,1
34482.62296,1,22959293,100,2244600,1
34483.96903,1,22975007,4,2246600,-1
34483.96924,1,22975020,100,2244800,1
34483.96924,1,22975021,77,2246600,-1
34483.9695,1,22975033,100,2244500,1
34485.00853,1,22991791,100,2244400,1
34485.03831,1,22997265,100,2244400,1
34485.05523,1,22998802,1,2246500,-1
34485.05543,1,22998829,100,2244800,1
34485.05545,1,22998831,77,2246500,-1
34485.05556,1,22998840,100,2244400,1
34486.50716,1,23022123,200,2246500,-1
34486.50728,1,23022124,100,2244100,1
34486.98065,1,23027289,100,2244100,1
34486.9807,1,23027303,77,2245800,-1
34486.98094,1,23027353,100,2244000,1
34486.98355,1,23027499,2,2245700,-1
34486.98373,1,23027504,100,2244100,1
34486.98373,1,23027505,77,2245700,-1
34486.98383,1,23027511,100,2243900,1
34486.9839,1,23027512,2,2245600,-1
34486.98406,1,23027518,100,2244100,1
34486.98407,1,23027519,77,2245600,-1
34486.98425,1,23027524,100,2243900,1
34486.98435,1,23027529,2,2245500,-1
34486.98452,1,23027550,100,2244100,1
34486.98452,1,23027551,77,2245500,-1
34486.98465,1,23027556,100,2243900,1
34486.98473,1,23027562,2,2245400,-1
34486.98489,1,23027566,100,2244100,1
34486.9849,1,23027568,77,2245400,-1
34486.98503,1,23027573,2,2245300,-1
34486.98512,1,23027577,100,2243900,1
34486.9852,1,23027581,77,2245300,-1
34487.00732,1,23027906,1,2244600,-1
34487.0074,1,23027908,100,2244000,1
34487.00742,1,23027909,2,2244500,-1
34487.00749,1,23027914,77,2244600,-1
34487.00751,1,23027915,100,2244100,1
34487.00761,1,23027924,77,2245800,-1
34487.0077,1,23027928,100,2244000,1
34488.02826,1,23052513,100,2244000,1
34488.02925,1,23052634,1,2245700,-1
34488.02945,1,23052643,77,2245700,-1
34488.02995,1,23052675,100,2243900,1
34489.27678,1,23075282,1,2246400,-1
34489.2768,1,23075283,77,2245100,-1
34489.27691,1,23075292,1,2245000,-1
34489.27709,1,23075305,77,2245000,-1
34489.38353,1,23080371,1,2244900,-1
34489.38372,1,23080379,77,2244200,-1
34489.38384,1,23080385,1,2244100,-1
34489.38401,1,23080392,77,2244100,-1
34490.00523,1,23089014,1,2244000,-1
34490.00544,1,23089024,1,2246500,-1
34490.00544,1,23089025,77,2244000,-1
34490.00561,1,23089037,77,2244800,-1
34490.0057,1,23089042,1,2244700,-1
34490.00587,1,23089049,77,2244700,-1
34490.01476,1,23089383,1,2244600,-1
34490.01494,1,23089393,77,2244600,-1
34490.07248,1,23090721,1,2244500,-1
34490.07266,1,23090724,1,2246500,-1
34490.07266,1,23090725,77,2244500,-1
34490.22319,1,23092756,100,2243700,1
34490.2233,1,23092758,1,2244400,-1
34490.22348,1,23092766,77,2244400,-1
34491.10703,1,23105970,1,2244300,-1
34491.10722,1,23105973,1,2246500,-1
34491.10723,1,23105975,77,2244300,-1
34491.10739,1,23105984,77,2244800,-1
34491.1075,1,23105988,1,2244700,-1
34491.10766,1,23105992,77,2244700,-1
34491.24266,1,23109459,1,2244600,-1
34491.24284,1,23109467,1,2246500,-1
34491.24285,1,23109469,77,2244600,-1
34491.48265,1,23113999,1,2244500,-1
34491.48282,1,23114004,1,2246500,-1
34491.48283,1,23114006,77,2244500,-1
34491.88739,1,23118331,300,2244300,-1
34491.88751,1,23118335,1,2244200,-1
34491.8877,1,23118341,77,2244200,-1
34493.88308,1,23139178,100,2243900,-1
34493.8832,1,23139180,1,2243800,-1
34493.88339,1,23139187,77,2243800,-1
34498.49005,1,23200868,300,2243500,-1
34498.49017,1,23200872,1,2243400,-1
34498.49038,1,23200875,77,2243400,-1
34498.77003,1,23204531,1,2243300,-1
34498.77014,1,23204534,1,2243200,-1
34498.77033,1,23204537,77,2243200,-1
34500.11626,1,23235109,2,2243200,-1
34500.26884,1,23242423,1,2243200,-1
34502.30142,1,23298883,100,2243000,-1
34502.30154,1,23298886,2,2242900,-1
34502.30175,1,23298900,77,2242900,-1
34502.71987,1,23304833,47,2242600,-1
34502.72001,1,23304841,2,2242500,-1
34502.7202,1,23304854,77,2242500,-1
34503.00366,1,23308991,300,2241200,1
34506.55456,1,23385854,1,2242400,-1
34506.55469,1,23385856,2,2242300,-1
34506.5549,1,23385862,77,2242300,-1
34507.01857,1,23401727,77,2241700,-1
34507.01868,1,23401735,2,2241600,-1
34507.01885,1,23401746,77,2241600,-1
34507.01938,1,23401765,2,2241500,-1
34507.01954,1,23401778,77,2241500,-1
34507.02534,1,23401919,2,2241400,-1
34507.02553,1,23401928,77,2241400,-1
34507.13749,1,23404340,2,2241300,-1
34507.13769,1,23404356,77,2241300,-1
34507.14669,1,23405016,2,2241200,-1
34507.14687,1,23405028,77,2241200,-1
34507.14783,1,23405070,2,2241100,-1
34507.14799,1,23405078,77,2241100,-1
34507.14824,1,23405086,2,2241000,-1
34507.14842,1,23405097,77,2241000,-1
34507.14955,1,23405159,2,2240900,-1
34507.14973,1,23405165,77,2240900,-1
34509.09463,1,23449699,200,2240900,-1
34509.09476,1,23449703,2,2240800,-1
34509.09497,1,23449710,77,2240800,-1
34510.03508,1,23466976,100,2240500,-1
34510.03518,1,23466978,2,2240400,-1
34510.03538,1,23466981,77,2240400,-1
34510.58686,1,23477815,100,2240300,-1
34510.58699,1,23477818,2,2240200,-1
34510.5872,1,23477840,77,2240200,-1
34511.99374,1,23506824,3,2240200,-1
34511.99618,1,23507124,4,2240200,-1
34512.18657,1,23513506,100,2240100,-1
34512.18671,1,23513511,4,2240000,-1
34512.18691,1,23513522,77,2240000,-1
34512.70047,1,23543724,100,2239700,-1
34512.70059,1,23543728,4,2239600,-1
34512.70079,1,23543736,77,2239600,-1
34517.93955,1,23651493,100,2238400,1
34518.00541,1,23652780,100,2238600,1
34519.58638,1,23677962,200,2241600,-1
34519.5866,1,23677968,100,2238700,1
34519.59083,1,23678050,200,2242200,-1
34520.22195,1,23687913,200,2241900,-1
34522.23947,1,23717865,100,2241800,-1
34522.25322,1,23718155,100,2241000,1
34522.25369,1,23718170,200,2242000,-1
34522.25544,1,23718233,200,2242100,-1
34523.71561,1,23741377,200,2242200,-1
34523.71605,1,23741430,200,2242300,-1
34523.71668,1,23741499,200,2242500,-1
34527.35674,1,23808011,200,2242500,-1
34531.48255,1,23866012,200,2242400,-1
34534.72658,1,23910183,79,2241700,-1
34534.75396,1,23910496,100,2241400,1
34534.90664,1,23912173,200,2242500,-1
34535.31649,1,23917321,200,2243300,-1
34535.37321,1,23917882,100,2241500,1
34535.37352,1,23917888,200,2243500,-1
34535.37362,1,23917889,100,2243500,-1
34535.93965,1,23923527,200,2243700,-1
34535.94101,1,23923539,200,2243800,-1
34535.94356,1,23923565,200,2244200,-1
34535.9439,1,23923572,200,2244400,-1
34535.94516,1,23923594,200,2243600,-1
34536.12072,1,23925565,200,2243800,-1
34536.24018,1,23926836,200,2243500,-1
34536.72715,1,23932733,79,2241300,-1
34538.70271,1,23955825,100,2239400,-1
34540.08626,1,23982445,100,2241300,-1
34543.04827,1,24018868,200,2241300,-1
34548.20514,1,24104731,100,2238900,1
34549.69224,1,24128897,200,2241000,-1
34550.31198,1,24139782,100,2240000,-1
34563.64827,1,24336628,100,2241300,-1
34563.64867,1,24336632,200,2241300,-1
34563.66763,1,24336910,100,2241200,-1
34564.72813,1,24349254,64,2240400,-1
34565.51522,1,24365588,100,2239900,-1
34565.61679,1,24368440,100,2238500,1
34572.66474,1,24487326,100,2238200,1
34576.20845,1,24535430,200,2239900,-1
34576.21396,1,24535601,100,2239800,-1
34577.21321,1,24582624,100,2237300,1
34577.21329,1,24582650,100,2237300,1
34581.7678,1,24690789,100,2239700,-1
34585.08616,1,24760049,50,2239600,1
34585.08715,1,24760732,80,2239900,-1
34586.31159,1,24804599,200,2238600,1
34586.94055,1,24814632,100,2242200,-1
34586.95817,1,24814880,300,2242500,-1
34587.73231,1,24827088,300,2238700,1
34589.26925,1,24870564,100,2242400,-1
34591.10234,1,24903476,100,2242400,-1
34591.46157,1,24910964,200,2242300,-1
34598.477,1,25038500,100,2242300,-1
34599.17861,1,25053706,100,2242200,-1
34599.68641,1,25061446,400,2242100,-1
34602.33612,1,25100616,100,2242000,-1
34602.88651,1,25106450,300,2241900,-1
34604.6762,1,25143157,100,2241900,-1
34606.50546,1,25164163,100,2240800,1
34611.68628,1,25232065,100,2241700,-1
34611.69052,1,25232096,100,2238700,1
34611.74334,1,25232651,100,2241700,-1
34616.01412,1,25315106,200,2240400,1
34628.3971,1,25473038,100,2241600,-1
34629.11804,1,25482160,100,2241500,-1
34630.17924,1,25516180,200,2241500,-1
34630.18816,1,25517117,100,2241300,-1
34630.1954,1,25517669,100,2239000,1
34634.37318,1,25604259,100,2240400,1
34636.0098,1,25633026,200,2241200,-1
34636.67664,1,25647568,200,2241300,-1
34638.36241,1,25669288,200,2241500,-1
34640.26912,1,25706199,100,2241600,-1
34641.60964,1,25723178,100,2241600,-1
34647.81359,1,25806897,200,2241600,-1
34652.71763,1,25873818,100,2241500,-1
34652.71801,1,25873824,200,2241500,-1
34653.36403,1,25880288,100,2241500,-1
34655.42797,1,25919165,100,2241500,-1
34660.84381,1,25984798,100,2240500,1
34661.86453,1,25993391,200,2242000,-1
34663.89136,1,26008683,200,2240600,1
34665.77588,1,26057784,100,2240600,1
34666.91721,1,26069606,200,2242300,-1
34672.6555,1,26166946,200,2242100,-1
34675.73891,1,26251406,100,2240800,1
34675.96768,1,26255945,100,2240800,1
34677.01994,1,26270795,100,2242000,-1
34679.89891,1,26311330,100,2242000,-1
34680.49693,1,26319642,100,2241800,-1
34682.66516,1,26352029,200,2241800,-1
34683.73712,1,26372408,100,2241600,-1
34683.84177,1,26382039,100,2240600,1
34683.85736,1,26383007,100,2239000,1
34683.91141,1,26386077,100,2241600,-1
34684.70339,1,26404124,100,2240200,1
34686.38644,1,26431803,100,2241500,-1
34686.40016,1,26431949,100,2241500,-1
34690.02785,1,26504391,100,2240200,1
34698.53709,1,26656019,100,2241400,-1
34700.08568,1,26725734,100,2238800,1
34700.08635,1,26725822,200,2240000,1
34700.09437,1,26726568,100,2240100,-1
34700.09467,1,26726600,100,2238800,1
34700.37826,1,26747069,100,2241400,-1
34700.60193,1,26754380,100,2241300,-1
34701.07235,1,26773563,100,2241400,-1
34701.23672,1,26781174,100,2241300,-1
34702.08989,1,26801867,100,2241300,-1
34702.59604,1,26812611,100,2239000,1
34703.0765,1,26822725,79,2240100,1
34703.17326,1,26824533,35,2240100,1
34703.58641,1,26831696,100,2241100,-1
34704.13695,1,26843995,100,2241100,-1
34706.68655,1,26915143,200,2241200,-1
34710.00671,1,27032585,100,2241200,-1
34710.20866,1,27044291,200,2241100,-1
34710.73611,1,27063686,400,2241000,-1
34711.76719,1,27092797,100,2241000,-1
34712.61795,1,27111446,200,2238600,1
34712.61803,1,27111452,100,2241000,-1
34712.73585,1,27115888,6,2239700,-1
34712.73796,1,27115977,90,2238600,1
34713.33619,1,27128801,100,2239400,-1
34714.08663,1,27169735,100,2239600,-1
34714.63743,1,27208693,200,2239600,-1
34715.18629,1,27234680,100,2239600,-1
34715.96926,1,27252241,100,2239400,1
34716.43639,1,27262700,100,2240700,-1
34716.43646,1,27262702,100,2240700,-1
34716.60559,1,27265617,100,2237100,1
34716.60877,1,27265663,100,2237000,1
34716.72036,1,27268847,100,2236900,1
34717.59327,1,27286346,100,2237100,1
34717.59399,1,27286359,100,2237200,1
34717.66052,1,27287467,200,2240600,-1
34718.17339,1,27297454,200,2240900,-1
34718.68663,1,27306599,100,2240600,-1
34719.23667,1,27317890,100,2240600,-1
34719.66707,1,27326048,100,2240500,-1
34719.98507,1,27332967,114,2236000,1
34720.60006,1,27345923,25,2240000,1
34720.6002,1,27345929,114,2236600,1
34722.87697,1,27406389,100,2240100,-1
34732.26233,1,27586177,100,2240000,-1
34739.0868,1,27705120,100,2239800,-1
34739.98613,1,27721911,100,2239800,-1
34740.93716,1,27764060,200,2239800,-1
34742.81882,1,27806714,100,2239700,-1
34743.53627,1,27823542,100,2239500,-1
34744.92671,1,27870490,100,2238700,-1
34745.42969,1,27883900,100,2236200,1
34751.78614,1,28000085,100,2239500,-1
34753.18637,1,28019423,100,2239500,-1
34755.4695,1,28054976,100,2238600,1
34756.37502,1,28073237,100,2239600,-1
34757.77572,1,28093908,100,2238600,1
34758.41111,1,28104182,100,2239400,1
34758.41769,1,28104265,100,2239400,1
34758.44279,1,28104778,100,2241200,-1
34758.44289,1,28104780,100,2241200,-1
34758.44289,1,28104781,100,2241200,-1
34758.44396,1,28104823,200,2240700,1
34759.24096,1,28118987,100,2241100,-1
34759.24104,1,28118989,100,2241100,-1
34759.34473,1,28120488,100,2238900,1
34759.76553,1,28129226,100,2239700,-1
34763.14489,1,28181287,100,2241200,-1
34763.14498,1,28181291,100,2241200,-1
34765.51663,1,28222402,100,2239700,1
34765.52257,1,28222560,100,2239700,1
34766.39472,1,28240173,100,2241600,-1
34766.3948,1,28240193,100,2241600,-1
34766.39481,1,28240196,100,2241600,-1
34766.73603,1,28265001,100,2239800,1
34770.53108,1,28364542,100,2242900,-1
34770.53117,1,28364564,100,2242900,-1
34770.53641,1,28365855,100,2239900,1
34774.3014,1,28435227,100,2242800,-1
34774.30148,1,28435228,100,2242800,-1
34776.63603,1,28470908,100,2242700,-1
34776.63613,1,28470910,100,2242700,-1
34776.82839,1,28473608,100,2242000,-1
34782.64993,1,28556581,100,2241800,-1
34783.71538,1,28570803,100,2241700,-1
34784.13461,1,28578184,100,2241700,-1
34793.73796,1,28759677,100,2237700,1
34796.48599,1,28801911,100,2241600,-1
34801.12186,1,28889060,100,2241600,-1
34805.53384,1,28952644,100,2238100,1
34805.53441,1,28952676,100,2241500,-1
34805.53741,1,28952794,100,2237800,1
34806.98674,1,28972672,100,2241500,-1
34810.83822,1,29030590,100,2241500,-1
34811.14463,1,29034867,100,2241500,-1
34811.18204,1,29035435,100,2241400,-1
34811.93662,1,29045230,100,2241300,-1
34814.12602,1,29086236,100,2241300,-1
34814.1391,1,29086910,100,2238100,1
34814.30541,1,29092003,75,2240100,-1
34814.3245,1,29092721,100,2237400,1
34814.47494,1,29106503,1,2240000,-1
34814.47726,1,29107250,2,2240000,-1
34814.52551,1,29112174,200,2236900,1
34816.35339,1,29162535,200,2236800,1
34816.87459,1,29169555,200,2236700,1
34816.94584,1,29171582,11,2240000,1
34828.88157,1,29366093,19,2240100,1
34828.90424,1,29372238,100,2238800,1
34829.16088,1,29382284,100,2237500,1
34831.91489,1,29426472,100,2241100,-1
34832.22496,1,29431625,100,2237500,1
34833.03292,1,29442413,100,2237500,1
34846.56761,1,29639018,100,2241000,-1
34847.42523,1,29680414,114,2237500,1
34847.43612,1,29684632,100,2239100,1
34847.49632,1,29694454,100,2238600,1
34847.98635,1,29720835,100,2239100,1
34848.02602,1,29722606,33,2240200,1
34848.08865,1,29725484,33,2240600,1
34848.09235,1,29725626,33,2240200,1
34848.19172,1,29728169,33,2240700,1
34848.19549,1,29728251,33,2240300,1
34848.23046,1,29728833,33,2240700,1
34848.23158,1,29728852,33,2240800,1
34848.26775,1,29729409,33,2240700,1
34848.54535,1,29741922,33,2241100,1
34848.55458,1,29742099,17,2241500,-1
34848.55581,1,29742138,33,2240900,1
34852.42968,1,29825292,33,2241000,1
34852.52479,1,29827095,33,2240900,1
34855.63076,1,29877071,200,2241600,-1
34855.74428,1,29879335,100,2241600,-1
34855.77396,1,29879600,100,2239100,1
34855.91285,1,29881371,200,2239100,1
34856.0325,1,29884188,100,2242400,-1
34856.0596,1,29884526,100,2242400,-1
34856.085,1,29884888,200,2238900,1
34856.28839,1,29888132,100,2243000,-1
34856.30652,1,29888461,100,2242300,-1
34856.35076,1,29889054,100,2239700,1
34856.42805,1,29890117,100,2244300,-1
34856.42814,1,29890122,100,2244300,-1
34856.43518,1,29890328,100,2244300,-1
34856.48726,1,29890879,100,2244300,-1
34856.48777,1,29890902,100,2244300,-1
34856.5616,1,29892330,100,2239700,1
34856.56374,1,29892445,100,2244400,-1
34856.59692,1,29893743,100,2244200,-1
34856.6604,1,29894812,100,2244600,-1
34856.66128,1,29894814,100,2244600,-1
34856.97483,1,29899491,100,2241000,1
34857.43245,1,29907311,100,2241000,1
34857.43479,1,29907362,100,2241100,1
34859.71159,1,29948333,100,2241100,1
34859.71219,1,29948340,100,2241200,1
34861.92279,1,29997636,100,2244600,-1
34863.31746,1,30031898,100,2241100,1
34863.36183,1,30032956,100,2244100,-1
34863.52405,1,30036684,100,2241000,1
34863.52459,1,30036692,100,2241100,1
34871.52577,1,30179711,100,2244000,-1
34871.59272,1,30180750,100,2244000,-1
34876.3889,1,30260897,100,2242300,1
34877.55079,1,30274786,100,2243800,-1
34878.2573,1,30282003,100,2242300,1
34880.76213,1,30308161,10,2242300,1
34880.82719,1,30315174,10,2242300,1
34881.20887,1,30323991,10,2242300,1
34881.41371,1,30326283,10,2242500,1
34881.42005,1,30326352,10,2242400,1
34883.59424,1,30348810,10,2242300,1
34883.5955,1,30348818,4,2242400,1
34883.6571,1,30349254,10,2242500,1
34883.73309,1,30349689,100,2243700,-1
34884.08912,1,30352881,100,2243600,-1
34884.08928,1,30352882,10,2242500,1
34884.09187,1,30352928,10,2242400,1
34884.10218,1,30353007,100,2243500,-1
34884.10232,1,30353008,10,2242400,1
34884.79544,1,30359025,200,2242400,1
34884.79619,1,30359032,10,2242600,1
34885.11149,1,30362814,10,2242700,1
34885.12269,1,30364713,10,2242600,1
34885.169,1,30368204,100,2243500,-1
34885.22313,1,30369493,10,2242500,1
34886.02741,1,30377871,10,2243200,-1
34886.03007,1,30377898,10,2243000,-1
34886.03015,1,30377900,100,2242400,1
34886.03036,1,30377905,10,2243100,-1
34886.04351,1,30378064,10,2243100,-1
34886.0446,1,30378078,10,2243000,-1
34886.1264,1,30379097,10,2242900,-1
34886.18415,1,30379744,10,2242800,-1
34886.18448,1,30379746,10,2242900,-1
34886.22444,1,30379998,10,2242900,-1
34886.22465,1,30380001,10,2242900,-1
34887.42678,1,30406069,10,2242900,-1
34887.427,1,30406073,10,2243000,-1
34887.67826,1,30413976,10,2243100,-1
34887.67891,1,30414123,10,2243100,-1
34887.6839,1,30416164,10,2243200,-1
34887.6893,1,30419726,10,2243300,-1
34887.78115,1,30433314,10,2243300,-1
34888.06084,1,30444198,10,2243300,-1
34888.06108,1,30444255,10,2243200,-1
34888.16742,1,30447359,10,2243100,-1
34888.16782,1,30447368,10,2243100,-1
34888.47022,1,30453621,10,2242800,-1
34888.47205,1,30453647,100,2240600,1
34888.4732,1,30453665,10,2242700,-1
34888.47366,1,30453667,100,2240500,1
34888.47374,1,30453668,100,2240500,1
34889.03193,1,30471628,100,2240300,1
34889.45998,1,30479547,100,2243300,-1
34889.52679,1,30480436,100,2243100,-1
34890.84497,1,30500801,100,2243000,-1
34890.85772,1,30501235,100,2242900,-1
34891.09194,1,30504705,1,2242800,-1
34891.09564,1,30504809,100,2240200,1
34891.09572,1,30504810,100,2240200,1
34894.47641,1,30569423,100,2242800,-1
34896.51216,1,30594627,100,2242700,-1
34896.51229,1,30594635,1,2242600,-1
34896.514,1,30594659,100,2240100,1
34899.49555,1,30645533,100,2242600,-1
34899.49728,1,30645549,100,2240000,1
34899.50441,1,30645646,100,2239700,1
34899.50699,1,30645674,100,2239400,1
34899.50963,1,30645707,100,2242400,-1
34899.50976,1,30645709,1,2242300,-1
34899.7749,1,30661392,1,2242200,-1
34899.77702,1,30661711,1,2242100,-1
34899.77729,1,30661738,1,2242000,-1
34899.77745,1,30661757,1,2241900,-1
34899.77756,1,30661774,1,2241800,-1
34899.77768,1,30661794,1,2241700,-1
34899.77781,1,30661825,1,2241600,-1
34899.77801,1,30661854,1,2241500,-1
34899.77816,1,30661878,1,2241400,-1
34899.77831,1,30661910,1,2241300,-1
34899.77844,1,30661949,1,2241200,-1
34899.86786,1,30669952,100,2239500,1
34899.9412,1,30672541,100,2239200,1
34899.98339,1,30673708,200,2242400,-1
34899.98651,1,30673800,100,2242400,-1
34903.7213,1,30729654,1,2242300,-1
34913.03418,1,30852347,100,2242300,-1
34913.05372,1,30853139,100,2238800,1
34913.06932,1,30853397,100,2242300,-1
34913.26257,1,30855967,100,2242200,-1
34913.26269,1,30855969,1,2242100,-1
34913.29166,1,30856269,100,2242100,-1
34913.29259,1,30856279,100,2242100,-1
34913.72186,1,30861964,2,2242000,-1
34913.72268,1,30862011,1,2241900,-1
34913.72281,1,30862015,100,2238800,1
34913.72283,1,30862016,2,2241800,-1
34913.72294,1,30862023,1,2241700,-1
34913.72305,1,30862028,2,2241600,-1
34913.72317,1,30862031,1,2241500,-1
34913.72329,1,30862035,2,2241400,-1
34913.72342,1,30862044,1,2241300,-1
34913.72352,1,30862049,2,2241200,-1
34913.72363,1,30862050,1,2241100,-1
34913.72375,1,30862057,2,2241000,-1
34913.72386,1,30862060,1,2240900,-1
34913.72396,1,30862063,2,2240800,-1
34913.72407,1,30862067,1,2240700,-1
34913.72417,1,30862071,2,2240600,-1
34918.21295,1,30981532,1,2242000,-1
34918.21556,1,30981965,2,2242000,-1
34918.56632,1,30990362,100,2242000,-1
34919.79799,1,31033933,100,2241900,-1
34919.79812,1,31033939,2,2241800,-1
34919.83427,1,31034716,100,2238600,1
34919.83751,1,31034776,100,2241800,-1
34923.21281,1,31093936,200,2241800,-1
34923.80209,1,31104742,100,2238600,1
34923.80215,1,31104743,100,2238700,1
34923.84473,1,31105269,100,2241800,-1
34923.88587,1,31105768,100,2241700,-1
34923.88601,1,31105770,2,2241600,-1
34923.88756,1,31105783,100,2238600,1
34923.88972,1,31105793,100,2238500,1
34923.92967,1,31106163,100,2241600,-1
34926.0403,1,31133921,100,2241500,-1
34926.04043,1,31133926,2,2241400,-1
34929.26974,1,31178986,100,2241400,-1
34930.83598,1,31217225,100,2241300,-1
34930.83611,1,31217247,2,2241200,-1
34930.85946,1,31221436,2,2241300,-1
34930.88713,1,31224745,100,2238400,1
34930.89093,1,31225068,100,2238200,1
34930.89652,1,31225495,100,2238100,1
34930.90243,1,31225878,200,2238000,1
34930.91513,1,31226920,100,2237900,1
34930.93241,1,31227831,100,2241200,-1
34930.93254,1,31227847,2,2241100,-1
34930.9388,1,31228194,100,2238000,1
34931.00669,1,31231763,100,2241100,-1
34931.02271,1,31232650,100,2238000,1
34931.38681,1,31242188,100,2241000,-1
34931.38696,1,31242193,2,2240900,-1
34931.38812,1,31242230,2,2241000,-1
34931.39116,1,31242306,100,2241000,-1
34931.92633,1,31253529,100,2240900,-1
34931.92645,1,31253539,2,2240800,-1
34931.92776,1,31253581,2,2240900,-1
34931.92977,1,31253673,100,2240900,-1
34934.30625,1,31296021,100,2240000,-1
34934.30639,1,31296025,2,2239900,-1
34934.33107,1,31296610,2,2241100,-1
34934.33118,1,31296615,100,2237400,1
34934.33218,1,31296634,2,2241900,-1
34934.33311,1,31296651,100,2241500,-1
34934.33321,1,31296653,2,2241400,-1
34934.33391,1,31296681,2,2241900,-1
34934.35442,1,31296965,100,2239900,-1
34934.35453,1,31296969,2,2239800,-1
34934.39701,1,31297543,100,2239800,-1
34934.83578,1,31305685,100,2239600,-1
34934.83596,1,31305696,2,2239500,-1
34935.01824,1,31309354,100,2237900,1
34935.0217,1,31309411,100,2239400,-1
34935.02183,1,31309413,2,2239300,-1
34936.01899,1,31325056,100,2238100,1
34936.07602,1,31326502,3,2239300,-1
34936.07789,1,31326729,4,2239300,-1
34936.15565,1,31328231,100,2239300,-1
34936.19561,1,31328696,100,2239200,-1
34936.19574,1,31328701,4,2239100,-1
34937.01823,1,31339207,100,2238200,1
34937.15892,1,31341011,100,2239100,-1
34938.02215,1,31353039,100,2239000,-1
34938.02227,1,31353047,4,2238900,-1
34938.16726,1,31356204,100,2238800,-1
34938.16738,1,31356208,4,2238700,-1
34938.17586,1,31356340,100,2238700,-1
34941.10122,1,31398648,100,2238500,-1
34941.10134,1,31398650,4,2238400,-1
34941.21827,1,31399907,140,2237400,1
34941.22093,1,31400027,100,2237400,1
34941.22197,1,31400042,100,2238400,-1
34941.32981,1,31401142,100,2238400,-1
34941.60546,1,31404324,100,2238300,-1
34941.60558,1,31404325,4,2238200,-1
34941.77279,1,31417634,100,2238200,-1
34941.84489,1,31421580,100,2238000,-1
34941.84503,1,31421585,4,2237900,-1
34941.85809,1,31422087,200,2237700,-1
34941.8582,1,31422092,4,2237600,-1
34941.96948,1,31425212,100,2237600,-1
34943.75281,1,31462516,100,2237400,-1
34943.75293,1,31462518,4,2237300,-1
34945.48292,1,31485884,2,2237200,-1
34945.48393,1,31485949,4,2237200,-1
34945.48464,1,31486007,4,2237100,-1
34945.48492,1,31486019,4,2237000,-1
34945.48506,1,31486027,4,2236900,-1
34945.48521,1,31486034,4,2236900,-1
34945.48745,1,31486192,6,2236900,-1
34945.4897,1,31486325,8,2236900,-1
34945.49352,1,31486478,10,2236900,-1
34948.24607,1,31538742,100,2237400,-1
34949.16984,1,31557736,2,2237300,-1
34949.17302,1,31558469,1,2237300,-1
34949.18698,1,31560430,2,2237300,-1
34949.18952,1,31560825,4,2237300,-1
34952.34499,1,31610787,100,2236000,1
34952.34563,1,31610803,100,2239300,-1
34952.34601,1,31610830,100,2239100,-1
34952.34742,1,31610888,100,2236200,1
34952.35177,1,31610962,100,2236400,1
34952.35194,1,31610964,100,2239500,-1
34952.35304,1,31610973,100,2239600,-1
34952.35875,1,31611052,100,2239700,-1
34952.44015,1,31611722,100,2239600,-1
34952.5437,1,31612489,100,2239700,-1
34952.85783,1,31617371,100,2236700,1
34953.36857,1,31624755,100,2236700,1
34953.38167,1,31625957,100,2236800,1
34953.38604,1,31626771,100,2236900,1
34953.38668,1,31626902,100,2240200,-1
34953.39151,1,31627583,100,2237000,1
34953.39791,1,31628031,100,2237100,1
34953.41766,1,31628751,100,2237900,1
34953.45003,1,31629397,100,2237400,1
34953.45062,1,31629408,100,2237500,1
34953.5492,1,31630908,100,2237400,1
34953.81657,1,31633563,100,2237500,1
34954.14109,1,31637308,200,2241000,-1
34954.14254,1,31637327,100,2237600,1
34955.10556,1,31646547,100,2237500,1
34957.49323,1,31677824,100,2237600,1
34957.50311,1,31680569,100,2237700,1
34957.50327,1,31680611,100,2238600,1
34957.50478,1,31680949,200,2241100,-1
34957.58754,1,31686745,200,2241300,-1
34957.58848,1,31686804,200,2241400,-1
34957.5911,1,31687017,100,2238100,1
34957.59133,1,31687022,200,2241200,-1
34957.59335,1,31687161,100,2241200,-1
34957.59394,1,31687197,100,2238100,1
34957.68673,1,31694385,100,2241200,-1
34957.68722,1,31694430,100,2238000,1
34957.69071,1,31694625,100,2238000,1
34957.6918,1,31694692,100,2237700,1
34957.69563,1,31694948,100,2237600,1
34957.78727,1,31698332,100,2237400,1
34957.78927,1,31698413,100,2237300,1
34957.80521,1,31698934,100,2237200,1
34957.80735,1,31699091,100,2237100,1
34957.81139,1,31699309,100,2237000,1
34957.81923,1,31699518,100,2236900,1
34958.07063,1,31704467,100,2237100,1
34958.07075,1,31704470,100,2237300,1
34961.43011,1,31753210,200,2241200,-1
34961.43026,1,31753216,100,2241200,-1
34961.92868,1,31758692,100,2239900,-1
34961.93007,1,31758727,33,2239900,-1
34961.93074,1,31758743,100,2237400,1
34961.93198,1,31758776,100,2237300,1
34961.93295,1,31758790,100,2237600,1
34961.9342,1,31758801,100,2237400,1
34961.9345,1,31758807,100,2237500,1
34961.9372,1,31758827,100,2237400,1
34962.00901,1,31759673,100,2237300,1
34962.40566,1,31766606,100,2237200,1
34962.75235,1,31776023,100,2237300,1
34962.76441,1,31777182,100,2237400,1
34962.76448,1,31777185,100,2237500,1
34963.13988,1,31781941,100,2237400,1
34963.91175,1,31788977,100,2237300,1
34964.00177,1,31789725,100,2237200,1
34964.63812,1,31796075,100,2237300,1
34964.69409,1,31797776,100,2237400,1
34964.8117,1,31800427,100,2237500,1
34965.09273,1,31804260,100,2237300,1
34965.1947,1,31807548,100,2237200,1
34965.55804,1,31814483,100,2237300,1
34965.57,1,31815647,100,2237400,1
34965.57006,1,31815654,100,2237500,1
34965.93815,1,31821678,100,2237400,1
34966.02741,1,31822829,10,2239600,-1
34966.02769,1,31822835,10,2239600,-1
34966.02789,1,31822846,10,2239600,-1
34966.02813,1,31822861,10,2239500,-1
34966.0283,1,31822863,10,2239600,-1
34966.02878,1,31822883,10,2239700,-1
34966.03015,1,31822920,10,2239600,-1
34966.0302,1,31822922,100,2237300,1
34966.0318,1,31822944,10,2239700,-1
34966.03331,1,31822968,10,2239600,-1
34966.03983,1,31823034,10,2239600,-1
34966.04045,1,31823039,10,2239700,-1
34966.1274,1,31824197,10,2239800,-1
34966.12768,1,31824207,10,2239700,-1
34966.12787,1,31824210,10,2239700,-1
34966.1282,1,31824215,10,2239700,-1
34966.12881,1,31824221,10,2239700,-1
34966.15714,1,31824563,10,2239700,-1
34966.26193,1,31826833,100,2237400,1
34966.26393,1,31826950,100,2237500,1
34966.77053,1,31835164,100,2237300,1
34966.77294,1,31836877,100,2237100,1
34967.97117,1,31905740,100,2237200,1
34967.97233,1,31905749,100,2237100,1
34973.28049,1,32004456,100,2237100,1
34973.28983,1,32004540,100,2238600,1
34977.09132,1,32091741,100,2239900,-1
34988.61602,1,32285299,100,2239800,-1
35006.02978,1,32552340,100,2239600,-1
35006.03376,1,32552429,100,2238600,1
35006.99844,1,32571092,100,2239500,-1
35007.21184,1,32601051,1,2239700,-1
35007.24811,1,32607209,100,2238700,-1
35007.24827,1,32607231,1,2238700,-1
35007.30599,1,32612597,100,2237800,1
35008.55786,1,32661500,100,2238600,-1
35011.00278,1,32738952,100,2238600,-1
35015.94681,1,32853920,200,2236000,1
35018.08007,1,32886147,100,2236600,1
35018.10716,1,32886579,100,2238300,-1
35018.10729,1,32886584,1,2238200,-1
35022.00853,1,32938698,200,2236000,1
35023.43766,1,32957819,100,2237100,1
35025.42499,1,32993113,100,2237200,1
35025.42596,1,32993421,100,2239700,-1
35025.43656,1,32997611,100,2240100,-1
35025.4385,1,32998743,100,2237100,1
35025.44078,1,32999934,100,2237100,1
35025.44443,1,33001187,100,2237200,1
35025.44521,1,33001435,100,2240300,-1
35025.4465,1,33001739,100,2237100,1
35025.44742,1,33001983,100,2237200,1
35025.45612,1,33003818,100,2237300,1
35025.45791,1,33004129,100,2240500,-1
35025.461,1,33004625,100,2237400,1
35025.46189,1,33004693,100,2237600,1
35025.46467,1,33004925,100,2237200,1
35025.46516,1,33004985,100,2237600,1
35025.46557,1,33005042,100,2240600,-1
35025.46622,1,33005125,100,2240500,-1
35025.46635,1,33005136,100,2240500,-1
35025.46664,1,33005160,100,2237500,1
35025.46896,1,33005441,100,2237300,1
35025.49206,1,33007728,300,2240500,-1
35025.50246,1,33008351,100,2237400,1
35025.50481,1,33008475,100,2237500,1
35025.60623,1,33013477,200,2240800,-1
35025.60885,1,33013578,200,2240500,-1
35025.99197,1,33020803,100,2237400,1
35026.0396,1,33021899,100,2237300,1
35026.04638,1,33022023,100,2237900,1
35026.91317,1,33032141,100,2237200,1
35026.91676,1,33032167,100,2236900,1
35026.92368,1,33032238,100,2237500,1
35027.45222,1,33040601,100,2237500,1
35027.67214,1,33042948,200,2240700,-1
35027.96055,1,33046017,100,2237500,1
35027.9826,1,33046310,200,2240900,-1
35027.98438,1,33046330,200,2240500,-1
35029.09819,1,33060010,100,2237000,1
35029.09855,1,33060014,200,2240700,-1
35029.68193,1,33066955,100,2237100,1
35029.68204,1,33066991,100,2237200,1
35029.72422,1,33075493,100,2237300,1
35029.72682,1,33076317,100,2237400,1
35029.73475,1,33078347,100,2238200,1
35029.73856,1,33078903,200,2240900,-1
35029.74025,1,33079167,200,2241200,-1
35029.74071,1,33079229,200,2240800,-1
35029.74187,1,33079351,200,2241000,-1
35029.74214,1,33079402,200,2241100,-1
35029.74339,1,33079578,100,2237500,1
35029.74386,1,33079666,200,2240800,-1
35029.74769,1,33080227,100,2237600,1
35029.75715,1,33080879,200,2241000,-1
35029.7631,1,33081710,100,2237500,1
35030.26278,1,33092864,200,2241200,-1
35030.26383,1,33092885,200,2241500,-1
35030.26425,1,33092896,200,2241700,-1
35030.26688,1,33092935,200,2241900,-1
35030.26746,1,33092942,200,2241300,-1
35030.47481,1,33098326,100,2237600,1
35030.4749,1,33098343,100,2237700,1
35030.47529,1,33098399,200,2241500,-1
35030.47742,1,33098649,100,2238500,1
35030.47751,1,33098659,200,2241600,-1
35030.47761,1,33098669,100,2241600,-1
35030.47929,1,33098856,200,2241600,-1
35030.48078,1,33098997,100,2237800,1
35030.48088,1,33099011,100,2237900,1
35030.4869,1,33099418,100,2238200,1
35030.48831,1,33099563,100,2241600,-1
35030.48882,1,33099603,100,2238200,1
35030.48996,1,33099702,100,2238200,1
35030.49244,1,33099895,100,2238200,1
35030.49744,1,33100242,100,2238200,1
35030.95813,1,33109904,200,2240000,-1
35030.96073,1,33109994,100,2237600,1
35030.9625,1,33110032,100,2237100,1
35030.96302,1,33110042,100,2237500,1
35030.96718,1,33110089,100,2237200,1
35031.00432,1,33111084,100,2237100,1
35031.01028,1,33111232,100,2237000,1
35032.34444,1,33132009,100,2236900,1
35032.37243,1,33133742,100,2236800,1
35032.74838,1,33139563,100,2236700,1
35033.05239,1,33143882,100,2236500,1
35033.05978,1,33144024,100,2236600,1
35033.06064,1,33144105,100,2237400,1
35033.20779,1,33145647,100,2236800,1
35033.22173,1,33145941,100,2236900,1
35034.52021,1,33163656,100,2236800,1
35035.60165,1,33176391,100,2236900,1
35035.61545,1,33176623,100,2237000,1
35036.1954,1,33185253,100,2237100,1
35036.1974,1,33185679,100,2237200,1
35036.25596,1,33189604,100,2237100,1
35036.26994,1,33189980,100,2237000,1
35036.27337,1,33190102,200,2240900,-1
35036.27447,1,33190312,100,2237100,1
35036.27547,1,33190418,100,2237200,1
35036.30511,1,33191652,100,2240000,-1
35036.30672,1,33191679,100,2237100,1
35036.30797,1,33191708,100,2237000,1
35040.5962,1,33266395,9,2239800,-1
35046.22527,1,33404134,100,2236900,1
35046.24572,1,33407363,100,2236800,1
35046.24879,1,33407541,100,2236700,1
35046.83659,1,33418404,100,2239400,-1
35048.01595,1,33429828,200,2240300,-1
35048.04614,1,33430348,200,2240500,-1
35048.04638,1,33430357,100,2236600,1
35048.04984,1,33430453,100,2236400,1
35048.05025,1,33430458,200,2240300,-1
35048.05097,1,33430472,100,2236300,1
35048.05288,1,33430492,200,2240500,-1
35048.05397,1,33430501,200,2240200,-1
35048.05745,1,33430535,100,2237100,1
35048.0578,1,33430537,200,2240400,-1
35048.07185,1,33430678,100,2236800,1
35048.07379,1,33430692,100,2236900,1
35048.09426,1,33430796,100,2239300,-1
35048.09841,1,33430829,100,2236700,1
35048.24405,1,33432001,100,2236300,1
35048.24805,1,33432059,100,2236200,1
35049.02624,1,33440255,100,2236100,1
35051.11208,1,33463433,100,2236200,1
35051.12007,1,33463780,100,2236300,1
35053.41143,1,33490587,200,2237300,-1
35053.41494,1,33490669,100,2236000,1
35053.41511,1,33490673,100,2236100,1
35053.41644,1,33490681,100,2236300,1
35053.41927,1,33490710,100,2236500,1
35053.41934,1,33490711,100,2236600,1
35053.46442,1,33490961,100,2239100,-1
35054.05726,1,33497606,100,2236500,1
35055.97998,1,33517156,100,2236400,1
35055.99632,1,33518326,100,2236300,1
35056.15891,1,33520889,100,2236200,1
35057.00024,1,33528742,100,2236100,1
35057.03559,1,33531548,100,2240500,-1
35057.03626,1,33531606,200,2239700,-1
35057.43597,1,33543428,100,2239400,-1
35057.43632,1,33543438,200,2239400,-1
35058.16191,1,33560833,100,2236000,1
35059.41017,1,33577469,100,2236100,1
35059.97213,1,33585683,100,2236300,1
35059.97229,1,33585686,100,2236400,1
35059.97259,1,33585696,200,2239600,-1
35059.97406,1,33585735,200,2239700,-1
35059.97558,1,33585759,200,2240200,-1
35059.9782,1,33585793,200,2239700,-1
35059.98291,1,33585823,100,2236100,1
35060.83777,1,33595570,100,2236200,1
35060.90371,1,33596312,100,2236300,1
35061.48835,1,33602834,200,2239900,-1
35061.4888,1,33602840,200,2240100,-1
35061.48962,1,33602846,200,2240400,-1
35061.4917,1,33602862,100,2236400,1
35061.60564,1,33603706,200,2240700,-1
35061.6063,1,33603715,200,2240300,-1
35061.61238,1,33603767,200,2240500,-1
35061.8477,1,33608239,100,2240500,-1
35061.84821,1,33608283,100,2236300,1
35062.67948,1,33617033,100,2236100,1
35062.68185,1,33617071,100,2238900,-1
35062.68353,1,33617096,100,2236000,1
35062.68637,1,33617141,100,2236100,1
35066.00426,1,33656190,200,2238900,-1
35066.02741,1,33660830,10,2238100,-1
35066.03024,1,33661035,10,2238200,-1
35066.03044,1,33661049,10,2238200,-1
35066.03087,1,33661085,10,2238200,-1
35066.03305,1,33661214,10,2238200,-1
35066.03369,1,33661248,10,2238300,-1
35066.03389,1,33661260,10,2238300,-1
35066.03435,1,33661283,10,2238300,-1
35066.03523,1,33661329,10,2238300,-1
35066.03727,1,33661467,10,2238300,-1
35066.03901,1,33661611,200,2239800,-1
35066.04315,1,33661802,200,2240000,-1
35066.04457,1,33661852,9,2239000,-1
35066.27646,1,33668270,100,2239000,-1
35066.53601,1,33676072,300,2238900,-1
35066.55534,1,33676440,9,2238400,-1
35067.03909,1,33681960,100,2237100,1
35068.55698,1,33697755,100,2237700,-1
35070.47228,1,33741791,9,2237100,-1
35073.16618,1,33793939,100,2237500,-1
35081.25179,1,33864812,9,2237500,-1
35084.06007,1,33898768,100,2237700,-1
35084.06173,1,33899063,100,2236100,1
35084.06181,1,33899078,100,2236200,1
35084.06413,1,33899331,100,2236400,1
35084.06701,1,33899641,100,2236500,1
35084.06888,1,33899792,100,2236600,1
35084.07043,1,33899979,100,2236700,1
35084.07884,1,33900710,100,2236800,1
35084.07884,1,33900712,100,2239500,-1
35084.08215,1,33900944,100,2236900,1
35084.08324,1,33900986,100,2236700,1
35084.08508,1,33901066,100,2236500,1
35084.51117,1,33910646,100,2236400,1
35084.8694,1,33915174,100,2239900,-1
35084.86991,1,33915185,100,2236300,1
35084.87426,1,33915257,100,2236200,1
35085.56781,1,33923940,100,2239800,-1
35085.5704,1,33924247,100,2236100,1
35086.02741,1,33928951,10,2238300,-1
35086.03124,1,33929006,10,2238200,-1
35086.03215,1,33929020,100,2239700,-1
35086.03255,1,33929025,200,2239700,-1
35086.03378,1,33929045,100,2236100,1
35087.80582,1,33945297,100,2236200,1
35089.06988,1,33955872,100,2236100,1
35090.19159,1,33967725,100,2236200,1
35090.19169,1,33967735,100,2236300,1
35090.3375,1,33971683,100,2236400,1
35091.17555,1,33979925,100,2236200,1
35091.30552,1,33980777,100,2236100,1
35091.73839,1,33984570,200,2239700,-1
35091.75975,1,33984801,200,2239400,-1
35094.11161,1,34005440,100,2236200,1
35095.04788,1,34015429,100,2236300,1
35095.04991,1,34015612,100,2236400,1
35095.77897,1,34024148,200,2239600,-1
35096.67463,1,34035752,100,2236500,1
35096.68066,1,34037970,100,2236600,1
35096.68326,1,34038872,100,2236500,1
35096.68467,1,34039245,100,2236600,1
35096.7588,1,34043618,9,2239400,-1
35096.76019,1,34043663,100,2237300,1
35097.18924,1,34053755,100,2236400,1
35097.19124,1,34053860,100,2236300,1
35097.57804,1,34059459,100,2238400,-1
35097.6408,1,34061070,100,2236500,1
35097.64637,1,34061155,100,2239100,-1
35099.15181,1,34076645,100,2239200,-1
35100.47567,1,34107003,100,2239100,-1
35101.87562,1,34148448,9,2237700,-1
35105.47708,1,34204826,100,2237600,-1
35111.96158,1,34321938,100,2236500,1
35125.54254,1,34514451,9,2237800,-1
35125.74742,1,34525513,100,2236600,1
35126.31371,1,34535145,100,2236600,1
35127.26183,1,34547064,400,2238700,-1
35127.99625,1,34553336,100,2236600,1
35128.59268,1,34560030,100,2238300,-1
35128.59306,1,34560034,200,2238300,-1
35134.94014,1,34651479,100,2236700,1
35135.9508,1,34669031,99,2236600,1
35136.02026,1,34669956,900,2236500,-1
35137.02294,1,34680995,100,2235000,1
35138.93229,1,34702268,100,2235800,-1
35140.1675,1,34719493,100,2236000,1
35140.48009,1,34730213,100,2236000,1
35140.86931,1,34736607,100,2238200,-1
35140.87105,1,34736644,100,2238300,-1
35140.87564,1,34736719,200,2238300,-1
35140.892,1,34736893,200,2238000,-1
35140.93567,1,34737437,200,2238200,-1
35144.67075,1,34803276,200,2238600,-1
35144.69048,1,34813277,200,2236100,1
35145.20982,1,34852775,200,2238500,-1
35145.57356,1,34871933,100,2238500,-1
35145.83262,1,34878551,400,2238200,-1
35146.823,1,34908971,100,2237300,-1
35146.84835,1,34913029,400,2237800,-1
35147.39661,1,34929352,100,2237300,-1
35147.60701,1,34932133,400,2238000,-1
35147.60809,1,34932140,400,2238300,-1
35147.98032,1,34938145,100,2236000,1
35148.06431,1,34940632,100,2237300,-1
35148.07451,1,34941125,400,2237900,-1
35148.59607,1,34952179,200,2237300,-1
35148.83074,1,34955453,400,2238100,-1
35149.14599,1,34962702,100,2237300,-1
35149.15642,1,34962854,400,2238300,-1
35149.696,1,34969164,100,2237300,-1
35149.91046,1,34971330,400,2238000,-1
35149.9208,1,34971444,100,2236200,1
35150.2461,1,34986071,300,2237400,-1
35150.24649,1,34986095,200,2237400,-1
35150.99681,1,34999401,200,2237600,-1
35150.99832,1,34999412,300,2237200,-1
35151.0083,1,34999518,400,2237800,-1
35151.54582,1,35008919,300,2237400,-1
35151.54616,1,35008955,200,2237400,-1
35151.59478,1,35015361,9,2237300,-1
35151.60819,1,35016200,100,2237300,-1
35151.61674,1,35016948,1,2237200,-1
35151.9159,1,35024650,100,2235100,1
35151.96902,1,35038859,100,2237200,-1
35151.9703,1,35039486,100,2237100,-1
35151.97047,1,35039544,1,2237000,-1
35152.09604,1,35056499,200,2236800,-1
35152.09617,1,35056506,1,2236700,-1
35152.10063,1,35056695,1,2237000,-1
35152.25097,1,35063268,200,2236900,-1
35152.25111,1,35063274,1,2236800,-1
35153.19064,1,35085287,1,2237000,-1
35153.1912,1,35085329,1,2237100,-1
35153.1927,1,35085404,1,2237200,-1
35153.19913,1,35085866,100,2236900,-1
35153.19925,1,35085880,1,2236800,-1
35153.2008,1,35085958,1,2237200,-1
35155.96933,1,35153871,100,2236900,1
35155.98384,1,35154229,1300,2237200,-1
35158.25714,1,35195435,9,2237000,-1
35158.25727,1,35195438,1,2236900,-1
35158.26871,1,35195506,1300,2236900,-1
35162.58449,1,35263738,100,2235500,1
35165.94898,1,35313365,100,2236600,-1
35165.94912,1,35313367,1,2236500,-1
35166.54152,1,35319385,10,2235700,1
35166.55642,1,35319500,9,2236600,-1
35186.53236,1,35572406,10,2236100,1
35187.38714,1,35591526,10,2236000,1
35187.38874,1,35592094,10,2235900,1
35187.39,1,35592569,10,2235900,1
35187.39221,1,35593478,10,2235800,1
35187.3954,1,35594228,10,2235900,1
35187.40298,1,35595515,200,2237400,-1
35187.40314,1,35595529,10,2235800,1
35187.41649,1,35596233,10,2235900,1
35190.15509,1,35628211,10,2235900,1
35190.16844,1,35630621,10,2236000,1
35190.16923,1,35630711,10,2236000,1
35190.16954,1,35630749,10,2235900,1
35190.16973,1,35630793,10,2236000,1
35191.53983,1,35665801,100,2237400,-1
35194.06792,1,35699321,400,2237300,-1
35194.06812,1,35699325,100,2237300,-1
35194.10677,1,35700168,9,2237200,-1
35203.63621,1,35819185,100,2236100,1
35204.6529,1,35833803,100,2236000,1
35205.54816,1,35851654,100,2236000,1
35205.7573,1,35853596,100,2236100,1
35207.44226,1,35873817,100,2236600,1
35207.93012,1,35878060,100,2237300,-1
35208.01237,1,35878730,100,2237400,-1
35208.68552,1,35894775,100,2236800,1
35209.01807,1,35898281,100,2237400,-1
35209.58675,1,35904980,300,2236100,1
35210.61507,1,35917683,1,2237300,-1
35211.28717,1,35930152,3,2237300,-1
35216.71772,1,35983216,100,2236600,1
35218.71361,1,36005937,200,2237300,-1
35218.71378,1,36005944,100,2237300,-1
35222.73531,1,36059835,16,2237300,-1
35234.2288,1,36205078,305,2236400,-1
35234.22895,1,36205082,3,2236300,-1
35234.23843,1,36205184,300,2236100,1
35234.29461,1,36205521,9,2236300,-1
35235.75361,1,36222948,100,2236100,1
35235.89635,1,36224272,100,2236500,-1
35236.3511,1,36228547,100,2236500,1
35236.3512,1,36228548,100,2236500,1
35238.12519,1,36242386,1000,2236600,1
35238.12529,1,36242387,100,2236600,1
35239.80655,1,36261603,59,2237200,-1
35239.84124,1,36261972,59,2237100,-1
35247.60039,1,36365176,431,2237200,1
35247.64818,1,36365599,6,2237500,-1
35251.96975,1,36405399,94,2237400,1
35251.97027,1,36405403,200,2237900,-1
35251.9704,1,36405407,100,2237900,-1
35251.97363,1,36405428,94,2237500,1
35252.72105,1,36409914,200,2238100,-1
35252.72121,1,36409916,100,2238100,-1
35254.85912,1,36424516,100,2238000,-1
35254.85932,1,36424526,100,2238000,-1
35255.83596,1,36434300,200,2238000,-1
35259.46412,1,36476438,100,2236600,1
35266.53235,1,36544321,10,2238600,-1
35266.53279,1,36544329,10,2238500,-1
35266.53297,1,36544332,10,2238600,-1
35272.25401,1,36619834,100,2237600,1
35272.2541,1,36619837,100,2237600,1
35278.79351,1,36671639,200,2238700,-1
35279.16203,1,36674619,3,2238100,-1
35286.52832,1,36770435,3,2238100,-1
35298.42879,1,36976091,100,2238300,-1
35304.65074,1,37058575,100,2236600,1
35304.65351,1,37059631,100,2236700,1
35304.65365,1,37059708,100,2236700,1
35304.65367,1,37059717,28,2238500,-1
35304.65753,1,37061038,100,2236800,1
35304.65762,1,37061058,100,2236800,1
35305.135,1,37077483,100,2236600,1
35307.08034,1,37102623,100,2236700,1
35307.08044,1,37102625,100,2236700,1
35307.08056,1,37102626,28,2238500,-1
35307.78464,1,37108890,100,2236600,1
35309.19383,1,37123296,100,2237400,1
35309.19392,1,37123298,100,2237400,1
35309.19403,1,37123300,28,2238500,-1
35309.77852,1,37129223,100,2237500,1
35309.77862,1,37129225,100,2237500,1
35313.93894,1,37168710,100,2238500,-1
35324.40881,1,37289834,9,2239700,-1
35328.07568,1,37335570,100,2238100,1
35328.07577,1,37335572,100,2238100,1
35329.48489,1,37354091,100,2239600,1
35329.48499,1,37354092,100,2239600,1
35333.7707,1,37407271,100,2239600,1
35334.53328,1,37420908,200,2240600,-1
35345.15152,1,37598167,100,2240800,-1
35346.19101,1,37627305,200,2240800,-1
35346.27175,1,37637875,43,2239600,1
35346.27798,1,37639090,100,2240600,-1
35346.28315,1,37639788,200,2240400,-1
35346.31249,1,37655884,200,2240100,-1
35346.65194,1,37679975,9,2239200,-1
35350.51366,1,37765759,100,2239200,-1
35356.96958,1,37845337,100,2239200,-1
35359.74226,1,37877064,9,2238700,-1
35363.63971,1,37926808,9,2238600,-1
35366.53236,1,37952018,10,2237900,1
35366.53246,1,37952020,100,2237900,1
35366.5327,1,37952023,10,2237900,1
35366.6521,1,37953214,9,2238600,-1
35366.65382,1,37953231,9,2239100,-1
35366.66434,1,37953333,100,2239100,-1
35373.944,1,38124500,200,2239600,-1
35375.2729,1,38142362,200,2239800,-1
35375.27613,1,38143138,200,2239900,-1
35375.84988,1,38150384,100,2239200,-1
35379.89723,1,38203791,100,2237400,1
35379.90204,1,38204714,100,2237700,1
35379.90214,1,38204734,100,2237700,1
35379.9025,1,38204779,100,2237800,1
35379.9026,1,38204802,100,2237800,1
35379.98001,1,38209529,100,2237700,1
35379.98011,1,38209535,100,2237700,1
35379.98446,1,38209705,100,2237600,1
35379.98456,1,38209709,100,2237600,1
35380.21433,1,38213986,100,2237500,1
35380.21442,1,38213987,100,2237500,1
35380.61432,1,38218622,100,2237400,1
35381.73849,1,38231812,200,2239700,-1
35382.47432,1,38241791,200,2239800,-1
35386.53236,1,38290451,10,2238300,1
35386.53245,1,38290452,100,2238300,1
35386.53266,1,38290453,10,2238400,1
35386.53276,1,38290455,100,2238400,1
35386.53291,1,38290460,10,2238400,1
35386.53307,1,38290462,10,2238400,1
35386.53316,1,38290464,100,2238400,1
35388.99172,1,38316943,200,2239700,-1
35392.79618,1,38374621,100,2239600,-1
35392.7966,1,38374627,200,2239600,-1
35396.89868,1,38444803,200,2239500,-1
35397.44616,1,38449945,200,2239400,-1
35397.73951,1,38460275,100,2239600,-1
35397.76081,1,38462539,100,2240100,-1
35397.78218,1,38463963,100,2240000,-1
35397.80462,1,38465145,100,2240300,-1
35397.81054,1,38465356,100,2240500,-1
35398.24616,1,38474745,100,2240100,-1
35399.54541,1,38494107,100,2240200,-1
35400.00374,1,38500119,8,2240200,-1
35400.00549,1,38500358,13,2237400,1
35400.00556,1,38500369,13,2240200,-1
35400.00642,1,38500487,15,2237400,1
35400.00651,1,38500500,15,2240200,-1
35400.00706,1,38500559,16,2240200,-1
35400.61258,1,38520502,1,2240200,-1
35403.59601,1,38561435,200,2239900,-1
35404.88733,1,38576997,15,2239900,-1
35404.88897,1,38577049,16,2239900,-1
35405.47622,1,38591441,100,2237400,1
35405.5193,1,38595012,13,2238200,1
35405.51938,1,38595015,100,2238200,1
35405.52463,1,38595206,15,2238200,1
35405.60954,1,38604524,15,2238500,1
35405.60964,1,38604528,100,2238500,1
35406.29597,1,38626488,100,2238800,1
35406.2961,1,38626553,100,2238800,1
35406.3257,1,38634008,15,2238800,1
35406.38983,1,38638812,15,2240500,-1
35406.39035,1,38638846,13,2240400,-1
35406.89636,1,38649140,100,2239100,1
35406.89645,1,38649144,100,2239100,1
35406.90644,1,38649395,15,2240500,-1
35406.90798,1,38649428,15,2240400,-1
35407.44573,1,38656478,100,2239100,1
35407.44583,1,38656479,100,2239100,1
35407.45681,1,38656626,15,2240500,-1
35407.71023,1,38661445,16,2240500,-1
35408.29755,1,38670753,2,2240400,-1
35408.29959,1,38670888,4,2240400,-1
35408.30021,1,38670909,15,2240400,-1
35408.30446,1,38671128,6,2240400,-1
35408.7587,1,38675835,100,2240000,-1
35408.75883,1,38675838,6,2239900,-1
35412.5256,1,38716939,15,2239900,-1
35412.52798,1,38717968,13,2239700,-1
35412.52816,1,38718056,6,2239600,-1
35412.57119,1,38725554,15,2237400,1
35412.61551,1,38726907,6,2239800,-1
35412.61666,1,38726932,13,2237800,1
35412.61675,1,38726939,100,2237800,1
35412.61769,1,38726972,15,2237800,1
35412.61773,1,38726975,6,2239900,-1
35412.62081,1,38727073,15,2238100,1
35412.62091,1,38727076,100,2238100,1
35414.06297,1,38745394,15,2239900,-1
35414.09702,1,38747058,13,2239900,-1
35414.10165,1,38747121,15,2237400,1
35414.10402,1,38747181,15,2239700,-1
35414.10414,1,38747187,6,2239600,-1
35414.37437,1,38751934,6,2239800,-1
35414.37512,1,38752050,13,2237600,1
35414.37523,1,38752057,100,2237600,1
35414.3891,1,38753893,15,2237600,1
35414.4851,1,38755648,6,2239900,-1
35414.48762,1,38755655,15,2238000,1
35414.48771,1,38755657,100,2238000,1
35419.55478,1,38796377,7,2239900,-1
35419.55578,1,38796441,9,2239900,-1
35419.5575,1,38796581,11,2239900,-1
35419.55968,1,38796710,13,2239900,-1
35419.58218,1,38797201,15,2239900,-1
35419.58419,1,38797313,17,2239900,-1
35420.24672,1,38806833,15,2239900,-1
35420.2473,1,38807079,16,2239900,-1
35420.24772,1,38807275,13,2239900,-1
35420.26093,1,38810792,100,2239500,-1
35420.26106,1,38810807,17,2239400,-1
35420.27225,1,38811565,17,2239800,-1
35420.28029,1,38811941,15,2237400,1
35420.28033,1,38811944,15,2239800,-1
35423.34622,1,38855702,100,2239100,-1
35423.34636,1,38855733,17,2239000,-1
35423.36664,1,38860275,17,2239700,-1
35423.3988,1,38863080,15,2237600,1
35423.3989,1,38863084,100,2237600,1
35432.36082,1,38960264,400,2238100,-1
35432.36094,1,38960266,17,2238100,-1
35432.38723,1,38960656,15,2237400,1
35432.38807,1,38960664,100,2238100,-1
35432.39078,1,38960693,15,2237400,1
35432.43182,1,38961003,200,2237400,1
35432.49165,1,38961463,100,2238400,-1
35433.23558,1,38968498,200,2238100,1
35433.72813,1,38975261,15,2239900,-1
35437.84405,1,39041883,15,2238100,1
35437.90281,1,39047194,15,2238100,1
35438.5052,1,39059949,100,2239800,-1
35438.77915,1,39062964,15,2238100,1
35444.07578,1,39196259,15,2238100,1
35446.53236,1,39227847,10,2239500,-1
35446.53266,1,39227853,10,2239500,-1
35446.5333,1,39227859,10,2239400,-1
35446.53435,1,39227871,10,2239300,-1
35446.53581,1,39227885,10,2239400,-1
35446.55707,1,39227990,10,2239500,-1
35446.55725,1,39227995,10,2239500,-1
35449.51517,1,39255272,100,2238600,1
35449.51527,1,39255274,100,2238600,1
35453.09916,1,39317628,100,2239600,-1
35457.08392,1,39368236,14,2239600,1
35457.19931,1,39372988,100,2239000,-1
35457.20392,1,39373118,100,2239700,-1
35459.69149,1,39402819,100,2239600,-1
35460.10359,1,39409605,100,2239400,-1
35460.15242,1,39416996,18,2239400,-1
35460.65531,1,39436475,18,2239400,-1
35460.76381,1,39439969,100,2239300,-1
35460.92543,1,39442462,18,2237400,1
35465.32807,1,39498874,18,2239600,-1
35465.32965,1,39499333,100,2239400,-1
35468.34559,1,39530884,100,2239200,-1
35469.86716,1,39542873,100,2239200,-1
35470.34525,1,39547285,100,2239100,-1
35470.84559,1,39550866,100,2239000,-1
35478.74628,1,39630909,100,2238800,-1
35482.04179,1,39687773,4,2237400,1
35482.73087,1,39697825,100,2237400,1
35482.73254,1,39697832,100,2238300,-1
35485.29004,1,39740140,100,2238300,-1
35485.29071,1,39740428,16,2237600,1
35485.29082,1,39740477,100,2237600,1
35485.29417,1,39742451,18,2237600,1
35485.29493,1,39742965,100,2238700,-1
35485.30063,1,39746851,100,2238700,-1
35485.30116,1,39747185,4,2237600,1
35485.30176,1,39747601,16,2237600,1
35485.30769,1,39750879,16,2237600,1
35485.36826,1,39762587,18,2237800,1
35485.36837,1,39762606,100,2237800,1
35485.37425,1,39763130,4,2237800,1
35485.39215,1,39766232,18,2240000,-1
35485.49247,1,39771910,16,2239800,-1
35485.79633,1,39780511,200,2238100,1
35485.79643,1,39780514,100,2238100,1
35485.79911,1,39780580,4,2238100,1
35486.53236,1,39799491,10,2239500,-1
35486.83703,1,39803906,10,2239500,-1
35487.66681,1,39815178,10,2239500,-1
35487.66723,1,39815191,10,2239500,-1
35487.67606,1,39815265,10,2239500,-1
35487.67711,1,39815279,4,2237800,1
35487.67721,1,39815281,100,2237800,1
35487.78091,1,39817050,100,2239600,-1
35488.25764,1,39822133,16,2240000,-1
35488.95452,1,39830406,100,2239500,-1
35491.47763,1,39863962,18,2237800,1
35495.15748,1,39914065,100,2239600,-1
35495.29455,1,39915314,100,2239500,-1
35499.77539,1,40018415,100,2237800,1
35502.21026,1,40048623,18,2237800,1
35504.94395,1,40078818,18,2237800,1
35505.2828,1,40090928,100,2238000,1
35505.2829,1,40090931,100,2238000,1
35505.28537,1,40090958,1,2238000,1
35506.53471,1,40099992,100,2239300,-1
35512.51523,1,40148548,100,2239100,-1
35514.72407,1,40168052,100,2239100,-1
35519.43414,1,40229613,100,2238100,1
35519.43424,1,40229619,100,2238100,1
35519.44033,1,40229694,1,2238100,1
35519.44042,1,40229698,100,2238100,1
35522.49528,1,40271542,100,2238200,1
35522.49538,1,40271547,100,2238200,1
35522.49825,1,40271579,1,2238200,1
35524.75772,1,40294054,100,2239700,-1
35525.39623,1,40300554,100,2238300,1
35525.39633,1,40300565,100,2238300,1
35525.39923,1,40301379,1,2238300,1
35525.93963,1,40314814,1,2238400,1
35525.93973,1,40314815,100,2238400,1
35538.21905,1,40465338,100,2238500,1
35538.21917,1,40465365,100,2238500,1
35538.22334,1,40466004,1,2238500,1
35539.20381,1,40484860,18,2237900,1
35539.97251,1,40494150,100,2238700,1
35539.97261,1,40494153,100,2238700,1
35539.98668,1,40494287,18,2241100,-1
35539.9869,1,40494288,16,2241100,-1
35539.99174,1,40494323,16,2240700,-1
35539.99226,1,40494328,18,2240700,-1
35540.35705,1,40497557,16,2240700,-1
35541.93021,1,40508731,100,2239800,1
35541.9303,1,40508733,100,2239800,1
35545.07149,1,40532472,100,2240900,-1
35549.43606,1,40581088,100,2241100,-1
35549.81852,1,40583483,100,2241100,-1
35552.97349,1,40613572,100,2239900,1
35552.97357,1,40613574,100,2239900,1
35553.02037,1,40614489,16,2239800,1
35553.02039,1,40614492,18,2239800,1
35553.02335,1,40614626,18,2240000,1
35553.02345,1,40614629,100,2240000,1
35553.49583,1,40618589,200,2240100,1
35553.49593,1,40618592,100,2240100,1
35553.49685,1,40618603,18,2240100,1
35554.29378,1,40637559,18,2240500,1
35554.29388,1,40637564,100,2240500,1
35554.52591,1,40644917,18,2242500,-1
35554.52624,1,40645016,100,2242500,-1
35554.52719,1,40645318,100,2242400,-1
35554.5464,1,40646836,18,2242400,-1
35554.55136,1,40646967,18,2239800,1
35554.63903,1,40648435,100,2242400,-1
35554.67097,1,40648798,100,2242200,-1
35554.67158,1,40648803,18,2242200,-1
35555.41592,1,40658012,100,2241100,1
35555.41601,1,40658015,100,2241100,1
35558.34751,1,40680857,100,2241100,1
35558.38865,1,40684523,200,2242400,-1
35558.39863,1,40687008,200,2242500,-1
35562.48957,1,40746697,100,2242400,-1
35562.94497,1,40750522,100,2242400,-1
35563.18624,1,40753748,100,2241200,1
35563.18633,1,40753750,100,2241200,1
35564.7831,1,40774799,100,2241200,1
35567.58374,1,40826223,100,2241300,1
35567.58405,1,40826423,100,2241300,1
35568.14771,1,40858320,18,2241200,1
35568.14785,1,40858341,100,2243300,-1
35568.49518,1,40870892,200,2241400,1
35568.49527,1,40870897,100,2241400,1
35568.49663,1,40870921,100,2243600,-1
35568.49848,1,40870959,18,2241400,1
35568.55038,1,40872954,18,2243600,-1
35568.5751,1,40876245,18,2241400,1
35569.52896,1,40900547,18,2241400,1
35570.20638,1,40915325,18,2241400,1
35570.38627,1,40918774,18,2241400,1
35570.39803,1,40919277,100,2243500,-1
35570.41019,1,40919528,18,2243500,-1
35570.52568,1,40920897,16,2243500,-1
35570.52622,1,40920909,100,2243400,-1
35570.52667,1,40920917,18,2243400,-1
35570.52685,1,40920920,100,2243300,-1
35570.8611,1,40924888,18,2241200,1
35570.87018,1,40925557,16,2241200,1
35570.87689,1,40926235,16,2241500,1
35570.87698,1,40926240,100,2241500,1
35570.87756,1,40926268,100,2244800,-1
35570.87771,1,40926274,100,2244700,-1
35570.8781,1,40926309,5,2244700,-1
35570.87832,1,40926319,100,2244600,-1
35570.87859,1,40926351,5,2244600,-1
35570.87863,1,40926355,16,2244600,-1
35570.87873,1,40926361,18,2241500,1
35570.87878,1,40926363,18,2244600,-1
35570.87879,1,40926367,100,2244500,-1
35570.88116,1,40926448,18,2244500,-1
35570.88137,1,40926455,100,2244400,-1
35570.88194,1,40926477,200,2244400,-1
35570.88216,1,40926481,100,2244300,-1
35570.8828,1,40926498,18,2244300,-1
35570.89276,1,40926723,100,2244200,-1
35570.8931,1,40926734,16,2244200,-1
35570.89333,1,40926739,18,2244200,-1
35571.04533,1,40929642,200,2241600,1
35571.04542,1,40929646,100,2241600,1
35571.04595,1,40929658,18,2241600,1
35573.04581,1,40971672,16,2244200,-1
35573.14473,1,40973492,100,2241600,1
35573.6958,1,40980458,200,2241900,1
35573.69589,1,40980460,100,2241900,1
35573.96526,1,40984040,18,2241900,1
35573.96974,1,40984134,100,2243200,1
35573.96984,1,40984140,100,2243200,1
35576.16681,1,41024672,100,2244200,-1
35578.09725,1,41065030,100,2243600,1
35578.09735,1,41065042,100,2243600,1
35578.46899,1,41071354,100,2245000,-1
35578.4693,1,41071362,100,2245000,-1
35580.39523,1,41114327,100,2244900,-1
35580.55378,1,41117013,100,2245000,-1
35582.9956,1,41146373,100,2244900,-1
35583.28063,1,41149767,100,2243900,1
35583.28072,1,41149769,100,2243900,1
35583.69669,1,41153542,100,2244900,-1
35585.43344,1,41178619,19,2245000,-1
35585.74559,1,41191344,200,2244900,-1
35588.22294,1,41224787,100,2244000,1
35588.22304,1,41224790,100,2244000,1
35591.04042,1,41263735,100,2244900,-1
35591.21204,1,41267052,100,2245000,-1
35591.21881,1,41267111,100,2245000,-1
35591.2915,1,41267671,100,2245000,-1
35593.2571,1,41291319,100,2244100,1
35593.76976,1,41295308,100,2244300,1
35601.90346,1,41373921,19,2245000,-1
35601.90605,1,41374757,100,2244800,-1
35601.9929,1,41381362,100,2244100,-1
35601.99812,1,41381916,100,2244100,-1
35602.07462,1,41385048,100,2244100,-1
35603.02907,1,41413071,200,2244000,-1
35603.28043,1,41415896,100,2243200,1
35603.28053,1,41415899,100,2243200,1
35604.46668,1,41426239,100,2243900,-1
35606.53318,1,41467942,10,2243900,-1
35606.5334,1,41467948,10,2243800,-1
35606.53419,1,41467959,10,2243900,-1
35606.77982,1,41470699,10,2243900,-1
35606.78186,1,41470784,10,2243900,-1
35607.06321,1,41476871,10,2243900,-1
35608.86605,1,41519164,100,2243900,-1
35614.3405,1,41587260,100,2245300,-1
35614.34052,1,41587262,100,2243100,1
35614.34063,1,41587275,100,2243100,1
35614.34972,1,41588200,100,2244800,-1
35614.38133,1,41589681,100,2244600,-1
35614.48159,1,41592341,100,2243000,1
35614.48168,1,41592342,100,2243000,1
35614.7381,1,41598036,100,2242900,1
35626.02558,1,41731080,100,2244600,-1
35626.19878,1,41733057,100,2244600,-1
35626.33088,1,41738212,19,2242900,1
35626.40054,1,41740748,19,2245500,-1
35626.40108,1,41740767,16,2245500,-1
35626.40196,1,41740801,19,2243200,1
35626.40206,1,41740805,100,2243200,1
35626.40641,1,41740883,100,2243200,1
35626.41101,1,41741011,100,2243300,1
35626.4111,1,41741014,100,2243300,1
35626.48219,1,41742524,100,2243200,1
35626.48234,1,41742528,16,2245400,-1
35626.48294,1,41742536,16,2243200,1
35626.52428,1,41743086,100,2245100,-1
35626.53236,1,41743169,10,2244200,1
35626.53246,1,41743171,100,2244200,1
35626.78096,1,41747338,19,2243100,1
35626.85512,1,41749479,100,2243000,1
35626.85518,1,41749494,19,2245100,-1
35626.85522,1,41749500,100,2243000,1
35627.25344,1,41754734,100,2242900,1
35628.1585,1,41761575,100,2243000,1
35628.1586,1,41761578,100,2243000,1
35628.20039,1,41763184,100,2243100,1
35628.20052,1,41763201,100,2243100,1
35628.2368,1,41765269,19,2243100,1
35628.39372,1,41767111,25,2244500,-1
35628.39696,1,41767144,100,2243100,1
35628.59378,1,41768980,16,2245100,-1
35631.34802,1,41790745,19,2245100,-1
35635.13786,1,41825734,100,2243000,1
35635.1435,1,41827423,100,2243100,1
35635.14359,1,41827442,100,2243100,1
35635.14561,1,41827694,100,2243200,1
35635.14567,1,41827700,100,2243300,1
35635.14577,1,41827720,100,2243300,1
35635.55104,1,41836767,100,2243200,1
35635.89279,1,41842937,19,2245100,-1
35635.89298,1,41842959,100,2243000,1
35636.14437,1,41848629,100,2243000,1
35637.54792,1,41863089,19,2245100,-1
35638.39624,1,41874602,100,2243000,1
35638.39633,1,41874604,100,2243000,1
35638.4461,1,41875108,19,2243000,1
35638.63341,1,41878375,100,2245000,-1
35638.63885,1,41878558,16,2245000,-1
35638.63934,1,41878589,100,2245000,-1
35638.8975,1,41884881,100,2243000,1
35638.89761,1,41884893,100,2243000,1
35639.73596,1,41895092,19,2243000,1
35639.89736,1,41897835,19,2245000,-1
35639.91562,1,41898497,19,2242900,1
35645.38201,1,41944446,100,2243000,1
35645.3821,1,41944447,100,2243000,1
35645.38244,1,41944449,19,2243000,1
35645.38254,1,41944450,100,2243100,1
35645.38263,1,41944451,100,2243100,1
35647.52943,1,41969079,500,2244200,1
35647.52954,1,41969084,100,2244200,1
35647.53057,1,41969103,100,2244900,1
35647.54766,1,41969623,100,2245500,-1
35647.63418,1,41970547,100,2245500,-1
35648.12523,1,41975486,100,2245500,-1
35649.88693,1,41993266,100,2244200,1
35649.92449,1,42000083,19,2244200,1
35649.93859,1,42001023,100,2244300,1
35649.93869,1,42001028,100,2244300,1
35649.9829,1,42004191,100,2244400,1
35649.98301,1,42004230,100,2244400,1
35650.72693,1,42019593,100,2244300,1
35650.72702,1,42019595,100,2244300,1
35651.65683,1,42029544,100,2244200,1
35652.02971,1,42032750,16,2244300,1
35652.02981,1,42032751,100,2244300,1
35652.03002,1,42032754,100,2244500,1
35652.03011,1,42032756,100,2244500,1
35652.03159,1,42032784,100,2244600,1
35652.03168,1,42032785,100,2244600,1
35652.03194,1,42032787,19,2244600,1
35652.03379,1,42032808,100,2244700,1
35652.03387,1,42032811,100,2244700,1
35652.03401,1,42032812,19,2244700,1
35652.03424,1,42032814,100,2246900,-1
35652.03819,1,42032869,100,2244900,1
35652.03827,1,42032872,100,2244900,1
35652.33827,1,42036353,16,2246900,-1
35652.3395,1,42036403,100,2244800,1
35652.70051,1,42042699,100,2246700,1
35652.7006,1,42042701,100,2246700,1
35652.7008,1,42042708,100,2246700,-1
35652.70091,1,42042712,19,2244900,1
35652.70101,1,42042717,88,2244900,1
35652.7015,1,42042747,100,2244900,1
35652.70158,1,42042751,100,2246700,1
35652.70167,1,42042754,100,2246700,1
35652.70204,1,42042765,100,2246900,-1
35652.70246,1,42042777,100,2245000,1
35652.70254,1,42042780,100,2245100,1
35652.70258,1,42042782,100,2246700,1
35652.7027,1,42042788,100,2246700,1
35652.70321,1,42042809,100,2246900,-1
35652.70371,1,42042827,100,2245100,1
35652.70381,1,42042832,100,2245100,1
35652.706,1,42042869,100,2246900,-1
35652.70631,1,42042878,100,2244900,1
35652.93368,1,42049332,100,2244900,1
35652.94517,1,42050337,100,2244900,1
35652.95773,1,42054275,100,2245000,1
35652.95784,1,42054335,100,2245000,1
35652.9598,1,42055310,100,2245100,1
35652.95997,1,42055421,100,2245100,1
35652.96506,1,42057429,100,2245200,1
35652.96516,1,42057455,100,2245200,1
35652.9928,1,42062586,100,2246900,-1
35652.99379,1,42062693,100,2245100,1
35653.02678,1,42067312,100,2245400,1
35653.02688,1,42067323,100,2245400,1
35657.4876,1,42126873,100,2245900,1
35657.4877,1,42126878,100,2245900,1
35658.92414,1,42147403,200,2246900,-1
35659.98652,1,42169062,100,2246800,-1
35659.99291,1,42169241,100,2246800,-1
35659.99643,1,42169263,16,2246400,-1
35659.99891,1,42169288,19,2246400,-1
35659.99916,1,42169289,200,2246400,-1
35660.00254,1,42169325,19,2246200,-1
35660.01172,1,42169482,100,2246100,-1
35660.01205,1,42169489,100,2246100,-1
35660.01206,1,42169490,200,2246100,-1
35660.0129,1,42169495,19,2246100,-1
35660.02121,1,42169557,100,2245900,-1
35660.02355,1,42169570,100,2245900,-1
35660.04499,1,42169761,19,2245900,-1
35660.04514,1,42169762,16,2245900,-1
35660.0463,1,42169785,16,2243300,1
35660.05953,1,42170079,200,2245500,-1
35660.05955,1,42170080,100,2245500,-1
35660.05987,1,42170082,19,2245500,-1
35660.06299,1,42170135,100,2245500,-1
35660.06331,1,42170138,100,2245500,-1
35660.07041,1,42170210,100,2245300,-1
35660.11668,1,42170970,200,2245100,-1
35660.11705,1,42170974,200,2245100,-1
35660.53413,1,42174828,300,2243600,-1
35660.78915,1,42177015,95,2243300,-1
35661.12998,1,42179610,200,2243100,-1
35666.43537,1,42224924,95,2243300,-1
35680.34137,1,42347254,19,2241800,1
35680.36118,1,42351016,2,2243200,-1
35680.37808,1,42352526,2,2243500,-1
35680.38339,1,42352772,75,2243200,-1
35680.38351,1,42352781,2,2243100,-1
35680.58037,1,42357772,19,2241800,1
35682.18222,1,42386475,75,2243400,1
35682.18243,1,42386599,100,2243400,1
35682.19122,1,42390039,200,2244500,-1
35682.1915,1,42390099,200,2244600,-1
35682.19412,1,42390728,200,2244700,-1
35682.21113,1,42395405,100,2244400,-1
35682.27225,1,42410025,100,2244500,-1
35683.20088,1,42439210,16,2245000,-1
35683.20186,1,42439240,19,2245000,-1
35683.20427,1,42439315,19,2244900,-1
35685.87015,1,42486449,16,2244900,-1
35688.03702,1,42517498,100,2244800,-1
35688.03713,1,42517516,2,2244800,-1
35688.03749,1,42517542,200,2244800,-1
35688.0403,1,42517779,16,2244700,-1
35688.04042,1,42517782,2,2244600,-1
35688.05477,1,42517957,400,2244600,-1
35688.06481,1,42518148,19,2241900,1
35688.0658,1,42518166,19,2244600,-1
35688.06666,1,42518188,16,2244200,-1
35688.06677,1,42518192,2,2244100,-1
35688.0673,1,42518198,2,2244500,-1
35688.07212,1,42518250,100,2242200,1
35688.07221,1,42518252,100,2242200,1
35688.07238,1,42518259,19,2242200,1
35688.07285,1,42518264,100,2244400,-1
35688.07295,1,42518268,2,2244300,-1
35688.08242,1,42518390,2,2244500,-1
35688.08351,1,42518402,16,2242300,1
35688.0836,1,42518405,100,2242300,1
35688.08446,1,42518413,200,2244300,-1
35688.08452,1,42518415,19,2242300,1
35688.08456,1,42518416,2,2244200,-1
35688.63037,1,42524602,2,2244400,-1
35688.63345,1,42525348,200,2244200,-1
35688.63365,1,42525403,2,2244100,-1
35688.65564,1,42528489,2,2244300,-1
35688.65938,1,42528682,200,2244200,-1
35688.6595,1,42528689,2,2244100,-1
35690.10561,1,42542781,19,2241900,1
35690.11767,1,42545021,100,2241900,1
35691.7956,1,42560159,100,2242200,1
35691.79569,1,42560161,100,2242200,1
35691.79612,1,42560168,19,2242200,1
35693.68667,1,42576043,100,2242500,1
35693.68676,1,42576045,100,2242500,1
35695.88909,1,42590800,200,2244100,-1
35698.99736,1,42627857,100,2243900,-1
35698.99749,1,42627871,2,2243800,-1
35699.09887,1,42641435,19,2243800,-1
35699.0994,1,42641791,100,2241500,1
35699.09984,1,42642078,100,2241500,1
35699.10029,1,42642405,100,2241600,1
35699.10063,1,42642627,100,2241600,1
35699.10097,1,42642872,100,2241700,1
35699.10126,1,42643059,100,2241700,1
35699.10254,1,42643887,16,2241400,1
35699.1027,1,42644002,100,2241500,1
35699.10291,1,42644122,100,2241500,1
35699.10324,1,42644328,100,2241600,1
35699.10336,1,42644401,100,2241600,1
35699.10723,1,42646477,200,2243700,-1
35699.12071,1,42650362,100,2243800,-1
35699.12321,1,42650801,400,2243800,-1
35699.12487,1,42651012,16,2243800,-1
35699.12921,1,42651791,100,2243700,-1
35699.12925,1,42651795,100,2243700,-1
35699.15767,1,42655109,100,2243300,-1
35699.18399,1,42657137,100,2241500,1
35699.1841,1,42657147,19,2243700,-1
35699.18411,1,42657148,100,2241500,1
35699.18432,1,42657165,100,2241600,1
35699.18442,1,42657172,100,2241600,1
35699.59574,1,42681006,100,2243000,-1
35699.59588,1,42681026,2,2242900,-1
35699.6008,1,42681226,2,2243400,-1
35699.60099,1,42681234,100,2241400,1
35699.849,1,42686894,3,2243200,-1
35699.84914,1,42686906,2,2243100,-1
35706.53236,1,42766023,10,2242900,-1
35706.5325,1,42766025,2,2242800,-1
35706.53291,1,42766032,10,2242800,-1
35707.66891,1,42775594,18,2241200,1
35707.86911,1,42776882,2,2243000,-1
35707.87131,1,42777159,3,2243000,-1
35707.87374,1,42777247,2,2242900,-1
35707.87451,1,42777265,3,2242800,-1
35707.8747,1,42777279,2,2242700,-1
35707.87497,1,42777293,3,2242600,-1
35707.87514,1,42777308,2,2242500,-1
35707.87538,1,42777327,3,2242400,-1
35707.87574,1,42777359,100,2241200,1
35707.8779,1,42777426,17,2241300,1
35707.878,1,42777429,100,2241300,1
35708.08937,1,42782207,100,2241400,1
35708.08977,1,42782463,100,2241400,1
35708.09589,1,42786127,100,2241500,1
35708.09678,1,42786779,100,2241500,1
35708.09929,1,42788236,100,2241600,1
35708.09999,1,42788771,100,2241600,1
35708.10083,1,42789305,100,2241700,1
35708.10158,1,42789687,100,2241700,1
35708.10454,1,42791585,100,2241700,1
35708.10485,1,42791808,100,2241800,1
35708.10505,1,42791930,100,2241800,1
35708.1087,1,42793966,100,2241800,1
35708.11052,1,42794827,100,2244100,-1
35708.11461,1,42796400,100,2241900,1
35708.11472,1,42796431,100,2241900,1
35708.17913,1,42806258,18,2241900,1
35709.02374,1,42822790,100,2241900,1
35711.19826,1,42858344,100,2242000,1
35711.19836,1,42858348,100,2242000,1
35711.19908,1,42858374,18,2242000,1
35711.2015,1,42858417,18,2242400,1
35711.20159,1,42858419,100,2242400,1
35711.31764,1,42860317,18,2242500,1
35711.31774,1,42860323,100,2242500,1
35712.54807,1,42884628,18,2244400,-1
35714.363,1,42902938,200,2244000,-1
35714.74348,1,42910833,200,2244000,-1
35714.81176,1,42913231,78,2244000,-1
35715.02577,1,42917673,100,2241700,1
35715.02643,1,42917700,17,2243900,-1
35715.02701,1,42917723,17,2241700,1
35715.03906,1,42918253,18,2241700,1
35715.05967,1,42919166,16,2243900,-1
35715.56548,1,42924671,18,2243900,-1
35716.64086,1,42937659,100,2241800,1
35716.64097,1,42937677,100,2241800,1
35716.64116,1,42937704,100,2241900,1
35716.64128,1,42937717,100,2241900,1
35717.83951,1,42948914,100,2243900,-1
35720.01275,1,42967658,100,2241800,1
35720.01307,1,42967763,18,2244000,-1
35720.01663,1,42968250,17,2243700,-1
35720.25366,1,42972592,100,2243200,-1
35720.25566,1,42972607,100,2241200,1
35720.25633,1,42972609,18,2241200,1
35723.28581,1,42993144,100,2243000,-1
35723.82429,1,43005529,200,2243000,-1
35723.82571,1,43005603,100,2243000,-1
35724.10795,1,43010640,100,2242800,-1
35725.58756,1,43028221,100,2242800,-1
35726.46874,1,43037518,100,2241200,1
35726.46933,1,43037521,18,2241200,1
35726.46951,1,43037527,100,2241300,1
35726.46961,1,43037531,100,2241300,1
35726.46989,1,43037534,100,2241400,1
35726.46998,1,43037537,100,2241400,1
35726.4703,1,43037542,100,2241500,1
35726.4704,1,43037546,100,2241500,1
35726.47058,1,43037548,100,2241600,1
35726.47068,1,43037550,100,2241600,1
35726.53236,1,43037950,10,2242100,1
35726.53246,1,43037952,100,2242100,1
35726.53327,1,43037963,17,2243800,-1
35729.54159,1,43064451,200,2243900,-1
35729.54221,1,43064458,18,2243900,-1
35729.54273,1,43064466,17,2243900,-1
35730.53087,1,43073730,200,2243900,-1
35730.53394,1,43073754,18,2241600,1
35730.5948,1,43074592,200,2243900,-1
35730.60252,1,43074635,100,2243400,1
35730.60284,1,43074642,200,2243900,-1
35733.1407,1,43095832,100,2243400,1
35733.14092,1,43095834,100,2243900,-1
35733.39595,1,43098844,100,2243900,-1
35733.65893,1,43100505,100,2243400,1
35733.98551,1,43102762,100,2243400,1
35734.66552,1,43109394,100,2241800,1
35734.66561,1,43109397,100,2241800,1
35741.02757,1,43175795,100,2243800,-1
35741.59543,1,43182838,100,2243700,-1
35741.59583,1,43182848,100,2241700,1
35741.59593,1,43182851,100,2241700,1
35741.62295,1,43182997,100,2243600,-1
35741.62341,1,43182999,100,2241600,1
35741.68916,1,43183648,100,2241700,1
35741.68924,1,43183651,100,2241700,1
35741.68941,1,43183653,100,2241800,1
35741.68951,1,43183656,100,2241800,1
35742.36869,1,43189065,200,2243800,-1
35742.64548,1,43191167,100,2243700,-1
35742.64595,1,43191170,100,2241700,1
35742.64606,1,43191174,100,2241700,1
35742.64682,1,43191184,100,2241800,1
35742.64692,1,43191187,100,2241800,1
35742.64703,1,43191189,100,2243600,-1
35742.64748,1,43191224,100,2241600,1
35742.65059,1,43191367,100,2241700,1
35742.65069,1,43191372,100,2241700,1
35742.65089,1,43191381,100,2241800,1
35742.65099,1,43191387,100,2241800,1
35743.94546,1,43202561,100,2243700,-1
35743.94592,1,43202568,100,2241700,1
35743.94601,1,43202571,100,2241700,1
35743.94705,1,43202582,100,2243600,-1
35743.94748,1,43202585,100,2241600,1
35743.95118,1,43202594,100,2241700,1
35743.95126,1,43202596,100,2241700,1
35743.95144,1,43202597,100,2241800,1
35743.95152,1,43202599,100,2241800,1
35743.9517,1,43202603,100,2241900,1
35743.95178,1,43202604,100,2241900,1
35744.49546,1,43208064,100,2243800,-1
35744.49594,1,43208067,100,2241800,1
35744.49603,1,43208071,100,2241800,1
35746.53237,1,43223793,10,2243500,-1
35746.53285,1,43223797,10,2243400,-1
35746.53297,1,43223799,100,2241800,1
35746.53306,1,43223801,100,2241800,1
35746.53323,1,43223803,10,2243400,-1
35746.53335,1,43223806,100,2241800,1
35746.53344,1,43223808,100,2241800,1
35746.53377,1,43223809,100,2241800,1
35746.53386,1,43223811,100,2241800,1
35746.53876,1,43223835,100,2243500,-1
35746.54512,1,43223885,100,2241700,1
35747.04571,1,43227725,100,2243600,-1
35747.04739,1,43227737,100,2243500,-1
35747.05109,1,43227761,100,2241700,1
35747.59535,1,43231496,100,2243600,-1
35747.59689,1,43231513,100,2243500,-1
35747.60079,1,43231539,100,2241700,1
35748.1461,1,43234490,100,2243600,-1
35748.69641,1,43239248,100,2241800,1
35748.6965,1,43239250,100,2241800,1
35748.69697,1,43239253,18,2241800,1
35748.6971,1,43239255,100,2241900,1
35748.69719,1,43239256,100,2241900,1
35749.98254,1,43247966,200,2243900,-1
35749.98393,1,43247988,100,2243800,-1
35749.9844,1,43247997,100,2241800,1
35750.03625,1,43259719,18,2243800,-1
35750.03654,1,43259900,100,2241700,1
35750.13811,1,43286103,100,2241300,1
35750.13824,1,43286125,100,2241300,1
35750.13848,1,43286164,100,2241400,1
35750.13859,1,43286181,100,2241400,1
35750.13983,1,43286455,100,2241500,1
35750.13994,1,43286478,100,2241500,1
35750.14026,1,43286561,100,2241600,1
35750.14037,1,43286582,100,2241600,1
35750.14075,1,43286643,100,2241300,1
35750.14085,1,43286670,100,2241300,1
35750.14105,1,43286702,100,2241400,1
35750.14115,1,43286726,100,2241400,1
35750.14133,1,43286759,100,2241500,1
35750.14143,1,43286777,100,2241500,1
35750.14162,1,43286808,100,2241600,1
35750.14172,1,43286831,100,2241600,1
35751.03986,1,43317689,1,2243800,-1
35751.90478,1,43331889,100,2243700,-1
35751.92596,1,43332798,100,2241700,1
35751.92607,1,43332812,100,2241700,1
35752.44509,1,43342061,200,2243600,-1
35752.44555,1,43342072,100,2241600,1
35752.44564,1,43342075,100,2241600,1
35752.44671,1,43342089,100,2243500,-1
35752.44714,1,43342095,100,2241500,1
35752.45033,1,43342126,100,2241600,1
35752.45042,1,43342128,100,2241600,1
35752.45064,1,43342130,100,2241700,1
35752.45074,1,43342134,100,2241700,1
35752.9954,1,43349647,200,2243400,-1
35752.99656,1,43349666,17,2243400,-1
35752.99699,1,43349671,100,2243300,-1
35753.0061,1,43349771,100,2241400,1
35753.06151,1,43350824,100,2243400,-1
35753.54523,1,43356063,200,2243300,-1
35753.54696,1,43356073,100,2243200,-1
35754.0958,1,43362508,200,2243200,-1
35754.33039,1,43365082,100,2243100,-1
35754.33421,1,43365439,100,2241400,1
35754.33481,1,43365653,100,2243300,-1
35754.33687,1,43366541,100,2241400,1
35754.33753,1,43366726,18,2243400,-1
35754.74635,1,43380189,100,2243400,-1
35754.84488,1,43384235,200,2243300,-1
35754.84526,1,43384243,18,2243300,-1
35754.8453,1,43384244,100,2241300,1
35754.8454,1,43384249,100,2241300,1
35754.84643,1,43384275,100,2243200,-1
35754.84686,1,43384281,100,2241200,1
35754.84861,1,43384319,100,2241300,1
35754.84869,1,43384321,100,2241300,1
35755.08509,1,43388273,18,2241300,1
35755.08522,1,43388283,100,2241400,1
35755.08532,1,43388294,100,2241400,1
35755.08635,1,43388330,100,2243400,-1
35755.10197,1,43389133,18,2241400,1
35755.3977,1,43392467,100,2243400,-1
35756.31671,1,43403932,100,2241500,1
35756.31681,1,43403934,100,2241500,1
35756.31697,1,43403936,100,2241600,1
35756.31706,1,43403937,100,2241600,1
35756.56853,1,43405926,18,2241600,1
35757.23202,1,43411979,200,2243500,-1
35757.23866,1,43412038,100,2241600,1
35757.74525,1,43416405,200,2243300,-1
35758.75572,1,43425750,100,2242200,1
35758.75582,1,43425755,100,2242200,1
35759.41992,1,43436685,100,2243300,-1
35759.43304,1,43436762,100,2243500,-1
35760.76321,1,43451605,100,2241300,1
35760.76331,1,43451608,100,2241300,1
35760.76349,1,43451611,100,2241400,1
35760.76357,1,43451613,100,2241400,1
35760.76375,1,43451615,100,2241500,1
35760.76385,1,43451619,100,2241500,1
35760.76395,1,43451620,18,2243500,-1
35760.77035,1,43451677,100,2242300,1
35760.77045,1,43451680,100,2242300,1
35760.91768,1,43453670,100,2243700,-1
35765.80894,1,43500558,100,2241600,1
35765.80904,1,43500565,100,2241600,1
35765.80925,1,43500566,100,2241700,1
35765.80934,1,43500569,100,2241700,1
35765.80949,1,43500571,18,2243800,-1
35765.81604,1,43500626,100,2242400,1
35765.81613,1,43500627,100,2242400,1
35766.7898,1,43515941,100,2242400,1
35768.57507,1,43537214,100,2243500,-1
35769.27042,1,43552664,100,2243500,-1
35770.67443,1,43574754,100,2243500,-1
35770.73852,1,43575328,100,2242600,1
35770.73862,1,43575329,100,2242600,1
35773.55811,1,43613215,100,2243500,-1
35773.56169,1,43614338,100,2243400,-1
35773.58585,1,43621839,100,2243400,-1
35773.62502,1,43628985,100,2243400,-1
35773.63579,1,43630252,100,2243500,-1
35773.655,1,43632629,200,2243500,-1
35773.65666,1,43632821,100,2243400,-1
35773.81665,1,43641440,100,2243400,-1
35774.2085,1,43654442,100,2243500,-1
35774.2356,1,43656534,100,2243500,-1
35775.7416,1,43684535,100,2242700,1
35776.57192,1,43710991,18,2243700,-1
35777.00632,1,43744939,400,2243500,-1
35777.00679,1,43745040,200,2243500,-1
35777.00841,1,43745198,100,2243400,-1
35781.58841,1,43852164,2,2242800,-1
35784.29856,1,43896014,18,2243400,-1
35788.26313,1,43945119,3,2243300,-1
35792.00456,1,43999199,400,2243000,-1
35792.00614,1,43999236,100,2242900,-1
35792.07393,1,44000437,100,2241000,1
35794.27921,1,44025554,18,2242900,-1
35796.06151,1,44055485,17,2242900,-1
35797.36676,1,44076835,1,2242800,-1
35797.36717,1,44076892,100,2240900,1
35804.25154,1,44154881,18,2242800,-1
35804.25354,1,44155787,100,2242700,-1
35804.25371,1,44155833,1,2242600,-1
35804.25394,1,44155915,100,2240800,1
35805.54154,1,44190015,18,2240800,1
35805.54392,1,44191029,1,2242700,-1
35805.54411,1,44191097,100,2240800,1
35805.55262,1,44193247,1,2242800,-1
35805.55286,1,44193280,100,2240900,1
35805.55296,1,44193294,100,2240900,1
35805.64068,1,44198978,18,2240900,1
35806.53236,1,44227632,10,2242800,-1
35806.53394,1,44227703,100,2242700,-1
35806.53407,1,44227712,1,2242600,-1
35806.53639,1,44227769,1,2242800,-1
35806.53658,1,44227770,100,2240900,1
35806.53883,1,44227789,18,2241200,1
35806.53893,1,44227793,100,2241200,1
35806.75316,1,44231009,1,2243000,-1
35806.75338,1,44231016,100,2241000,1
35806.75347,1,44231019,100,2241000,1
35806.75365,1,44231021,100,2241100,1
35806.75374,1,44231026,100,2241100,1
35806.92015,1,44233018,100,2242200,1
35806.92024,1,44233021,100,2242200,1
35806.92158,1,44233032,1,2243200,-1
35806.92176,1,44233037,1,2243800,-1
35806.92345,1,44233056,100,2243800,-1
35807.00434,1,44234055,400,2243400,-1
35807.00446,1,44234061,1,2243300,-1
35807.00586,1,44234084,100,2243300,-1
35807.26537,1,44239233,100,2241400,1
35807.26546,1,44239236,100,2241400,1
35807.26557,1,44239238,17,2243300,-1
35809.59889,1,44271874,18,2241400,1
35809.72814,1,44273092,100,2242900,-1
35809.72827,1,44273095,1,2242800,-1
35812.72669,1,44302914,100,2242100,1
35812.72679,1,44302917,100,2242100,1
35814.61803,1,44325651,100,2243100,-1
35814.62031,1,44327074,100,2243200,-1
35815.55629,1,44367990,500,2243500,1
35815.55639,1,44367994,100,2243500,1
35815.55693,1,44368007,100,2243700,1
35815.55732,1,44368015,100,2243700,1
35815.55747,1,44368016,100,2243700,1
35815.55818,1,44368037,100,2243700,1
35815.55865,1,44368046,100,2243700,1
35815.56164,1,44368089,200,2243900,-1
35815.56253,1,44368103,200,2243900,-1
35815.56451,1,44368123,200,2243900,-1
35816.11943,1,44376110,100,2242100,1
35816.12738,1,44378650,18,2243900,-1
35820.04505,1,44419482,100,2243700,-1
35824.02174,1,44468657,19,2243900,-1
35826.53237,1,44494496,10,2243400,-1
35826.8377,1,44499961,19,2243900,-1
35829.75325,1,44542422,100,2241300,1
35829.75335,1,44542434,100,2241300,1
35829.75352,1,44542451,100,2241400,1
35829.75364,1,44542471,100,2241400,1
35829.75383,1,44542491,100,2241500,1
35829.75396,1,44542518,100,2241500,1
35829.75413,1,44542543,100,2241600,1
35829.75423,1,44542557,100,2241600,1
35829.75428,1,44542567,100,2243900,-1
35829.75441,1,44542582,100,2241700,1
35829.75455,1,44542592,100,2241700,1
35829.75472,1,44542611,100,2241800,1
35829.75487,1,44542628,100,2241800,1
35829.75508,1,44542648,100,2241900,1
35829.75508,1,44542649,100,2243200,-1
35829.75519,1,44542665,100,2241900,1
35829.75549,1,44542701,100,2241300,1
35829.75559,1,44542711,100,2241300,1
35829.75647,1,44542799,100,2241400,1
35829.7565,1,44542802,16,2243700,-1
35829.75657,1,44542812,100,2241400,1
35829.75676,1,44542832,100,2241500,1
35829.75687,1,44542844,100,2241500,1
35829.75705,1,44542860,100,2241600,1
35829.75717,1,44542874,100,2241600,1
35829.75736,1,44542885,100,2241700,1
35829.75747,1,44542906,100,2241700,1
35829.75764,1,44542922,100,2241800,1
35829.75776,1,44542926,100,2241800,1
35829.75938,1,44543059,100,2243600,-1
35829.7598,1,44543104,100,2241300,1
35829.75989,1,44543111,100,2241300,1
35829.76007,1,44543120,100,2241400,1
35829.76017,1,44543127,100,2241400,1
35829.76034,1,44543141,100,2241500,1
35829.76044,1,44543149,100,2241500,1
35829.76062,1,44543168,100,2241600,1
35829.7607,1,44543176,100,2241600,1
35829.76086,1,44543187,100,2241700,1
35829.76095,1,44543194,100,2241700,1
35829.76246,1,44543260,100,2243200,-1
35829.7629,1,44543278,100,2241300,1
35829.763,1,44543286,100,2241300,1
35829.76907,1,44543652,100,2241400,1
35829.76915,1,44543656,100,2241400,1
35829.76934,1,44543671,100,2241500,1
35829.76942,1,44543678,100,2241500,1
35829.76963,1,44543693,100,2241600,1
35829.76971,1,44543697,100,2241600,1
35829.78052,1,44544427,19,2243500,-1
35829.9698,1,44549758,100,2242200,1
35829.9699,1,44549761,100,2242200,1
35832.42588,1,44585780,100,2243000,-1
35835.00743,1,44610880,100,2242100,1
35837.26151,1,44673843,19,2242100,1
35837.5035,1,44692205,108,2242100,1
35837.50428,1,44692229,19,2242100,1
35837.75492,1,44699909,100,2242200,1
35838.32297,1,44729473,19,2242200,1
35840.02299,1,44763617,1,2242300,1
35840.83016,1,44772166,200,2243900,-1
35843.71969,1,44802103,100,2242600,1
35848.13037,1,44848826,200,2243300,1
35850.81258,1,44873447,100,2243300,1
35851.38878,1,44886877,200,2243900,-1
35851.3891,1,44886886,200,2243900,-1
35852.01455,1,44895160,100,2243700,1
35858.79536,1,44966884,2,2245200,-1
35858.96538,1,44974841,2,2245400,-1
35860.14023,1,44989960,19,2243700,1
35860.954,1,44995204,100,2245300,-1
35860.95413,1,44995207,2,2245200,-1
35866.45548,1,45046656,1,2245100,-1
35866.45561,1,45046658,2,2245000,-1
35868.01378,1,45056754,100,2244200,1
35878.80504,1,45159343,100,2244900,-1
35878.80518,1,45159367,2,2244800,-1
35878.80653,1,45159870,28,2244300,-1
35878.80668,1,45159924,2,2244300,-1
35886.74305,1,45238819,1,2244900,-1
35891.11662,1,45281528,100,2244900,-1
35891.24981,1,45290968,19,2243300,1
35891.25265,1,45291601,100,2243600,1
35891.89245,1,45311209,100,2244900,-1
35898.50292,1,45371358,100,2244900,-1
35898.50335,1,45371365,1,2244900,-1
35898.60077,1,45371811,100,2244000,1
35898.63699,1,45372027,100,2244800,1
35904.69681,1,45434260,100,2245800,-1
35908.14216,1,45470638,16,2245800,-1
35908.14279,1,45470653,19,2245800,-1
35908.14317,1,45470663,16,2245600,-1
35908.14796,1,45470715,19,2245600,-1
35910.07528,1,45494887,19,2245800,-1
35911.50695,1,45520460,16,2245300,-1
35911.59415,1,45526432,19,2243600,1
35911.87051,1,45531171,19,2245400,-1
35911.95942,1,45532569,19,2243400,1
35913.24705,1,45545963,100,2245400,-1
35913.79964,1,45552672,16,2245400,-1
35913.83127,1,45553563,19,2245400,-1
35915.33325,1,45569526,400,2243400,1
35915.56758,1,45571501,19,2243400,1
35915.95258,1,45575558,19,2243700,1
35917.50506,1,45590767,100,2245500,-1
35917.54338,1,45594835,19,2243700,1
35917.54455,1,45594875,19,2245800,-1
35917.56428,1,45595464,19,2245500,-1
35918.05643,1,45602007,200,2245000,-1
35926.97673,1,45676975,100,2243800,1
35941.76057,1,45796622,100,2244400,-1
35945.89853,1,45832296,100,2243400,1
35951.0286,1,45890921,200,2244400,-1
35951.03245,1,45891193,200,2243300,1
35951.03248,1,45891195,100,2243300,1
35951.49639,1,45901298,100,2243200,1
35951.69426,1,45904359,100,2243200,1
35951.86625,1,45908499,100,2243200,1
35954.80543,1,45940080,100,2242400,1
35954.80549,1,45940083,19,2244200,-1
35954.80826,1,45940111,19,2241800,1
35954.81024,1,45940133,16,2241600,1
35954.81075,1,45940135,19,2241600,1
35954.81147,1,45940144,100,2242900,1
35954.81186,1,45940151,19,2241700,1
35954.81297,1,45940170,19,2244400,-1
35954.81606,1,45940199,200,2244200,-1
35954.81634,1,45940205,16,2244200,-1
35954.81658,1,45940207,19,2244200,-1
35954.8183,1,45940216,16,2243900,-1
35954.81883,1,45940222,19,2243900,-1
35954.94638,1,45941112,200,2243200,1
35955.29547,1,45948282,16,2244400,-1
35955.29555,1,45948287,200,2244400,-1
35955.29579,1,45948297,19,2244400,-1
35955.98917,1,45954394,5,2244400,-1
35957.01964,1,45962885,83,2242500,-1
35959.36175,1,45983713,17,2242500,1
35959.43258,1,45989743,19,2244400,-1
35960.43827,1,45998636,15,2244400,-1
35960.43996,1,45998662,16,2244100,-1
35960.44017,1,45998668,19,2243700,-1
35965.60261,1,46059567,5,2244400,-1
35967.30337,1,46084534,16,2243700,-1
35967.34056,1,46087062,19,2243700,-1
35967.37622,1,46087940,19,2243400,-1
35967.70593,1,46096116,19,2241200,1
35969.71975,1,46129958,1,2241500,1
35972.44999,1,46159341,100,2243500,-1
35973.7969,1,46169483,19,2243500,-1
35984.03468,1,46256200,200,2243500,-1
35985.06506,1,46265434,100,2241300,1
35988.50066,1,46325483,200,2243500,-1
35988.98034,1,46332273,100,2241500,1
35995.39928,1,46434623,200,2241700,1
35998.49527,1,46494609,19,2243500,-1
36000.2144,1,46542025,19,2243500,-1
36000.22613,1,46544756,100,2243500,-1
36000.44002,1,46568900,100,2241600,-1
36000.44434,1,46571667,100,2241200,-1
36000.44555,1,46572381,100,2241200,-1
36000.45169,1,46576038,19,2240900,1
36000.46224,1,46582594,217,2241100,-1
36000.51527,1,46617094,100,2240500,-1
36000.51685,1,46618091,217,2240500,-1
36000.72782,1,46709884,100,2240500,-1
36000.82901,1,46731829,300,2239700,1
36001.08635,1,46770509,19,2240500,-1
36001.13171,1,46778032,100,2239700,1
36001.25501,1,46792413,100,2239600,1
36002.11726,1,46893870,19,2240500,-1
36003.22222,1,46986345,100,2238600,1
36003.63498,1,47024698,19,2238600,1
36003.73579,1,47033426,19,2240500,-1
36004.0074,1,47051188,400,2239900,-1
36004.00835,1,47051295,100,2238100,1
36004.11604,1,47057481,19,2239900,-1
36004.5795,1,47092565,16,2239900,-1
36004.6673,1,47106842,100,2239900,-1
36005.71635,1,47201134,16,2239900,-1
36007.45003,1,47331450,100,2239900,-1
36007.46816,1,47334662,16,2236500,1
36007.46866,1,47334719,16,2238600,-1
36007.47032,1,47334948,19,2238600,-1
36007.47241,1,47335144,19,2236500,1
36007.50884,1,47338189,7,2236500,1
36007.53543,1,47339671,100,2238200,-1
36007.53573,1,47339686,100,2238500,-1
36007.53625,1,47339711,19,2238500,-1
36007.53633,1,47339717,100,2238300,-1
36007.60658,1,47343289,100,2238400,-1
36007.62574,1,47344330,19,2238400,-1
36007.62586,1,47344348,100,2238300,-1
36007.64011,1,47346096,100,2238400,-1
36007.65002,1,47347123,19,2238400,-1
36007.65013,1,47347132,100,2238300,-1
36007.73471,1,47352600,19,2238300,-1
36007.73494,1,47352621,100,2238200,-1
36007.73859,1,47352772,100,2238300,-1
36007.73887,1,47352796,100,2238200,-1
36007.74052,1,47353039,19,2236500,1
36007.74053,1,47353040,100,2238400,-1
36007.75125,1,47353785,100,2238600,-1
36007.84102,1,47358962,19,2238600,-1
36007.84114,1,47358974,100,2238400,-1
36007.84938,1,47359460,19,2238400,-1
36007.84947,1,47359466,100,2238300,-1
36007.85891,1,47359860,19,2238300,-1
36007.85901,1,47359865,100,2238200,-1
36007.93465,1,47362771,19,2238200,-1
36007.93475,1,47362773,100,2238000,-1
36007.93572,1,47362844,100,2238100,-1
36007.95903,1,47364348,100,2238200,-1
36008.0332,1,47368472,100,2236700,1
36008.03333,1,47368479,100,2238100,-1
36008.03393,1,47368536,100,2238200,-1
36008.03512,1,47368624,100,2238400,-1
36008.03617,1,47368717,100,2238500,-1
36008.12573,1,47375066,19,2238500,-1
36008.12628,1,47375131,100,2238400,-1
36008.13444,1,47376023,19,2238400,-1
36008.13453,1,47376040,100,2238300,-1
36008.138,1,47376367,100,2238500,-1
36008.13836,1,47376393,100,2238200,-1
36008.18505,1,47381025,100,2238400,-1
36008.18625,1,47381196,100,2238300,-1
36008.18646,1,47381228,100,2238400,-1
36008.19071,1,47381920,100,2238200,-1
36008.26883,1,47388640,100,2238400,-1
36008.36338,1,47394655,100,2238200,-1
36008.3832,1,47396013,100,2238400,-1
36008.38938,1,47396730,100,2238200,-1
36008.43171,1,47398937,100,2238400,-1
36008.51473,1,47402387,100,2238000,-1
36008.55338,1,47403905,100,2238100,-1
36008.59354,1,47406907,19,2236700,1
36009.34739,1,47494346,100,2239100,-1
36009.34838,1,47494405,19,2239100,-1
36009.82829,1,47522503,10,2237500,-1
36010.03702,1,47532588,100,2237000,1
36010.03748,1,47532623,19,2237000,1
36010.07521,1,47534804,100,2239000,-1
36010.09683,1,47536321,19,2239000,-1
36010.11414,1,47538426,19,2237000,1
36010.12373,1,47539627,16,2237000,1
36010.42981,1,47564821,19,2239000,-1
36010.97498,1,47591567,19,2239000,-1
36011.0367,1,47594702,100,2237200,1
36011.03773,1,47594728,19,2237200,1
36011.09574,1,47597301,19,2239000,-1
36011.11533,1,47598522,19,2237200,1
36011.12236,1,47599352,19,2239000,-1
36011.15483,1,47600900,19,2237200,1
36011.20473,1,47605098,19,2239000,-1
36011.27743,1,47608102,19,2237200,1
36011.5826,1,47620051,19,2239000,-1
36011.62779,1,47622542,19,2239000,-1
36011.72083,1,47627567,19,2239000,-1
36011.77685,1,47629876,19,2239000,-1
36011.81049,1,47630904,19,2239000,-1
36011.8625,1,47632428,19,2239000,-1
36012.15566,1,47643852,19,2239000,-1
36012.17917,1,47644817,19,2237200,1
36012.32466,1,47650205,19,2237200,1
36012.78049,1,47666226,19,2239000,-1
36012.82719,1,47669193,10,2239000,-1
36012.9186,1,47679386,19,2237200,1
36014.9169,1,47757304,19,2239000,-1
36014.92336,1,47758304,15,2239000,-1
36016.2689,1,47803742,10,2237300,1
36016.7198,1,47818745,19,2237300,1
36016.74513,1,47824571,16,2239900,-1
36016.77676,1,47828386,19,2239900,-1
36016.78042,1,47829007,100,2237800,1
36016.78361,1,47829531,16,2237800,1
36016.7955,1,47830993,100,2238400,1
36017.2012,1,47849086,19,2239900,-1
36017.44712,1,47865785,16,2239400,-1
36017.45004,1,47865995,19,2239400,-1
36018.04,1,47898898,100,2237200,1
36018.43353,1,47911449,19,2237200,1
36018.63106,1,47918188,100,2239400,-1
36018.99677,1,47937828,19,2239400,-1
36019.37562,1,47954703,19,2237200,1
36023.96985,1,48090441,100,2238200,1
36024.01993,1,48091794,100,2239200,-1
36025.60988,1,48135576,100,2239100,-1
36026.27597,1,48147753,100,2237500,1
36026.31023,1,48148872,100,2239000,-1
36026.73674,1,48180656,19,2237500,1
36027.18675,1,48194940,19,2237500,1
36027.8646,1,48209164,50,2238100,-1
36032.41949,1,48311511,100,2237200,1
36032.60643,1,48314833,100,2239000,-1
36034.4969,1,48356476,19,2239000,-1
36034.50643,1,48360297,16,2238800,-1
36034.51078,1,48361504,16,2236300,1
36034.52467,1,48363368,19,2236300,1
36034.56377,1,48366388,15,2238800,-1
36034.56452,1,48366420,19,2238800,-1
36034.80689,1,48376445,16,2237100,1
36034.80772,1,48376550,100,2237100,1
36034.80948,1,48376926,16,2237200,1
36034.81997,1,48377306,19,2237200,1
36035.83624,1,48399213,19,2239000,-1
36035.85347,1,48399995,19,2237100,1
36035.91332,1,48401970,19,2237100,1
36036.00056,1,48403803,19,2237100,1
36036.06296,1,48406294,19,2237100,1
36036.1078,1,48407771,100,2238700,-1
36036.14228,1,48409406,19,2238700,-1
36036.15568,1,48410216,19,2236600,1
36036.74184,1,48428782,100,2236600,1
36036.75322,1,48433049,100,2237300,1
36036.79513,1,48437679,100,2238700,-1
36036.84292,1,48440616,19,2237200,1
36036.92146,1,48447364,19,2237200,1
36036.97494,1,48449716,19,2237200,1
36037.05739,1,48459082,19,2236600,1
36039.60689,1,48534103,100,2238700,-1
36041.00717,1,48568936,19,2238700,-1
36041.02514,1,48569230,100,2238400,-1
36041.10834,1,48570572,100,2237200,1
36043.64177,1,48622031,19,2237000,1
36043.64715,1,48622391,100,2238200,-1
36044.00363,1,48629346,19,2236600,1
36044.01584,1,48629791,7,2236100,1
36044.0168,1,48629837,7,2235900,1
36044.01708,1,48629854,19,2235900,1
36044.01768,1,48629886,7,2235800,1
36044.01869,1,48629941,19,2235800,1
36044.019,1,48629959,100,2238000,-1
